Time	Price	Vol(k)	W
19-01-2026 16:34:31	1.2700	0.1	s
19-01-2026 16:30:48	1.2600	0.1	b
19-01-2026 16:30:33	1.2600	9.3	b
19-01-2026 16:29:12	1.2700	0.1	s
19-01-2026 16:29:05	1.2600	162	s
19-01-2026 16:28:49	1.2600	0.2	s
19-01-2026 16:28:49	1.2600	36.6	b
19-01-2026 16:28:43	1.2600	0.1	b
19-01-2026 16:28:17	1.2700	0.1	s
19-01-2026 16:28:16	1.2600	0.1	b
19-01-2026 16:28:09	1.2600	7.8	b
19-01-2026 16:28:07	1.2600	11.1	b
19-01-2026 16:28:07	1.2600	4.7	b
19-01-2026 16:28:07	1.2600	364	b
19-01-2026 16:28:05	1.2700	0.1	s
19-01-2026 16:27:28	1.2600	0.8	b
19-01-2026 16:27:21	1.2700	0.9	s
19-01-2026 16:26:53	1.2700	0.3	s
19-01-2026 16:26:50	1.2700	0.1	s
19-01-2026 16:26:07	1.2700	0.1	s
19-01-2026 16:25:01	1.2700	0.8	s
19-01-2026 16:24:31	1.2700	0.3	s
19-01-2026 16:24:28	1.2700	0.1	s
19-01-2026 16:22:10	1.2700	0.9	s
19-01-2026 16:21:46	1.2600	0.7	b
19-01-2026 16:21:42	1.2700	0.1	s
19-01-2026 16:21:36	1.2700	0.1	s
19-01-2026 16:21:35	1.2700	0.2	s
19-01-2026 16:20:28	1.2700	0.3	s
19-01-2026 16:20:02	1.2700	0.3	s
19-01-2026 16:19:43	1.2700	0.8	s
19-01-2026 16:17:41	1.2700	0.7	s
19-01-2026 16:17:15	1.2700	0.5	s
19-01-2026 16:16:53	1.2700	0.3	s
19-01-2026 16:14:12	1.2700	0.8	s
19-01-2026 16:13:57	1.2700	0.2	s
19-01-2026 16:11:32	1.2600	0.1	b
19-01-2026 16:10:33	1.2700	0.2	s
19-01-2026 16:09:37	1.2700	0.2	s
19-01-2026 16:09:02	1.2700	0.3	s
19-01-2026 16:06:16	1.2700	0.8	s
19-01-2026 16:05:36	1.2700	0.1	s
19-01-2026 16:03:36	1.2700	0.1	s
19-01-2026 16:02:50	1.2700	0.1	s
19-01-2026 15:58:34	1.2700	2	s
19-01-2026 15:56:04	1.2700	0.1	s
19-01-2026 15:52:23	1.2700	0.1	s
19-01-2026 15:51:23	1.2700	0.8	s
19-01-2026 15:48:26	1.2700	0.2	s
19-01-2026 15:45:41	1.2700	0.1	s
19-01-2026 15:42:53	1.2700	0.1	s
19-01-2026 15:39:10	1.2700	0.1	s
19-01-2026 15:38:18	1.2600	1	b
19-01-2026 15:37:06	1.2700	0.1	s
19-01-2026 15:36:55	1.2700	5	s
19-01-2026 15:36:52	1.2700	0.3	s
19-01-2026 15:34:41	1.2700	0.1	s
19-01-2026 15:32:42	1.2700	0.2	s
19-01-2026 15:32:18	1.2700	0.1	s
19-01-2026 15:30:30	1.2700	0.1	s
19-01-2026 15:24:11	1.2700	2	s
19-01-2026 15:23:17	1.2700	0.1	s
19-01-2026 15:22:11	1.2700	0.1	s
19-01-2026 15:20:47	1.2700	0.1	s
19-01-2026 15:20:45	1.2700	0.1	s
19-01-2026 15:19:49	1.2700	0.1	s
19-01-2026 15:18:40	1.2700	10	s
19-01-2026 15:17:43	1.2700	0.1	s
19-01-2026 15:13:15	1.2600	0.1	b
19-01-2026 15:08:56	1.2600	0.1	b
19-01-2026 15:08:20	1.2700	0.1	s
19-01-2026 15:07:11	1.2700	67.7	b
19-01-2026 15:06:19	1.2800	0.1	s
19-01-2026 15:06:13	1.2700	23.4	s
19-01-2026 15:06:13	1.2700	0.4	s
19-01-2026 15:06:04	1.2600	0.8	b
19-01-2026 15:06:03	1.2600	6.6	b
19-01-2026 15:06:03	1.2700	187.5	b
19-01-2026 15:05:49	1.2700	0.1	b
19-01-2026 15:05:20	1.2800	0.2	s
19-01-2026 15:04:34	1.2800	1	s
19-01-2026 15:02:48	1.2800	2.5	s
19-01-2026 15:02:29	1.2800	0.5	s
19-01-2026 15:01:32	1.2800	0.8	s
19-01-2026 15:01:05	1.2800	0.1	s
19-01-2026 15:00:50	1.2800	0.1	s
19-01-2026 15:00:13	1.2700	0.2	b
19-01-2026 14:59:53	1.2800	0.1	s
19-01-2026 14:58:20	1.2800	0.1	s
19-01-2026 14:58:13	1.2800	0.9	s
19-01-2026 14:55:22	1.2800	0.8	s
19-01-2026 14:52:47	1.2800	0.1	s
19-01-2026 14:52:32	1.2800	0.8	s
19-01-2026 14:49:39	1.2800	0.8	s
19-01-2026 14:48:36	1.2700	0.1	b
19-01-2026 14:48:20	1.2700	0.8	b
19-01-2026 14:47:56	1.2800	0.1	s
19-01-2026 14:46:33	1.2800	0.8	s
19-01-2026 14:44:53	1.2800	0.1	s
19-01-2026 14:44:30	1.2700	0.1	b
19-01-2026 14:43:02	1.2800	0.8	s
19-01-2026 14:40:52	1.2800	0.1	s
19-01-2026 14:38:19	1.2800	0.1	s
19-01-2026 14:36:40	1.2700	0.9	b
19-01-2026 14:33:03	1.2800	0.1	s
19-01-2026 14:29:14	1.2700	0.1	b
19-01-2026 14:25:50	1.2800	0.1	s
19-01-2026 14:25:03	1.2800	0.1	s
19-01-2026 14:24:33	1.2800	0.1	s
19-01-2026 14:24:09	1.2800	0.1	s
19-01-2026 14:21:34	1.2700	0.9	b
19-01-2026 14:21:23	1.2700	0.2	b
19-01-2026 14:20:20	1.2700	0.2	b
19-01-2026 14:19:24	1.2700	0.1	b
19-01-2026 14:18:13	1.2700	0.2	b
19-01-2026 14:17:09	1.2700	0.1	b
19-01-2026 14:16:21	1.2700	0.3	b
19-01-2026 14:15:19	1.2700	0.2	b
19-01-2026 14:14:39	1.2800	0.1	s
19-01-2026 14:14:15	1.2700	0.2	b
19-01-2026 14:13:23	1.2700	0.3	b
19-01-2026 14:12:17	1.2700	0.1	b
19-01-2026 14:12:14	1.2700	1.9	b
19-01-2026 14:12:09	1.2700	0.8	b
19-01-2026 14:11:57	1.2800	0.1	s
19-01-2026 14:11:16	1.2700	0.1	b
19-01-2026 14:11:04	1.2800	0.1	s
19-01-2026 14:10:26	1.2700	0.1	b
19-01-2026 14:10:11	1.2700	0.1	b
19-01-2026 14:04:49	1.2800	0.1	s
19-01-2026 14:02:56	1.2700	0.8	b
19-01-2026 14:01:21	1.2800	1.5	s
19-01-2026 14:01:00	1.2800	0.1	s
19-01-2026 14:01:00	1.2700	0.1	b
19-01-2026 14:01:00	1.2800	25.6	b
19-01-2026 14:01:00	1.2800	0.4	s
19-01-2026 14:01:00	1.2800	20.3	s
19-01-2026 14:01:00	1.2700	1.9	b
19-01-2026 14:01:00	1.2800	30.2	b
19-01-2026 14:01:00	1.2800	36.5	b
19-01-2026 14:00:19	1.2800	0.1	b
19-01-2026 13:59:56	1.2800	0.5	b
19-01-2026 13:59:51	1.2900	2	s
19-01-2026 13:52:59	1.2900	0.1	s
19-01-2026 13:49:45	1.2800	0.2	b
19-01-2026 13:49:37	1.2800	0.5	b
19-01-2026 13:49:30	1.2800	0.1	b
19-01-2026 13:49:15	1.2800	0.1	b
19-01-2026 13:49:10	1.2900	0.2	s
19-01-2026 13:49:00	1.2800	9.3	b
19-01-2026 13:48:50	1.2900	0.2	s
19-01-2026 13:48:03	1.2900	0.1	s
19-01-2026 13:47:44	1.2700	0.1	b
19-01-2026 13:47:44	1.2900	0.1	s
19-01-2026 13:47:42	1.2700	0.9	b
19-01-2026 13:43:09	1.2700	0.1	b
19-01-2026 13:38:18	1.2900	0.1	s
19-01-2026 13:38:09	1.2700	0.2	b
19-01-2026 13:38:00	1.2900	0.1	s
19-01-2026 13:37:11	1.2700	0.2	b
19-01-2026 13:37:11	1.2700	0.2	b
19-01-2026 13:36:44	1.2900	0.1	s
19-01-2026 13:36:37	1.2700	0.1	b
19-01-2026 13:36:37	1.2900	0.1	s
19-01-2026 13:36:28	1.2700	0.4	b
19-01-2026 13:36:28	1.2800	6.7	b
19-01-2026 13:35:52	1.2800	0.1	b
19-01-2026 13:35:41	1.2900	0.1	s
19-01-2026 13:35:35	1.2800	9	b
19-01-2026 13:35:33	1.2800	12.6	b
19-01-2026 13:30:55	1.2900	0.2	s
19-01-2026 13:23:06	1.2900	0.1	s
19-01-2026 13:22:14	1.2800	0.1	b
19-01-2026 13:21:24	1.2800	0.1	b
19-01-2026 13:20:32	1.2800	3.7	b
19-01-2026 13:16:17	1.2900	0.1	s
19-01-2026 13:09:11	1.2700	0.1	b
19-01-2026 13:07:44	1.2900	0.1	s
19-01-2026 13:07:08	1.2700	0.1	b
19-01-2026 13:05:56	1.2800	4.2	b
19-01-2026 13:05:56	1.2800	0.4	b
19-01-2026 13:05:56	1.2800	3.8	b
19-01-2026 13:05:49	1.2800	0.1	b
19-01-2026 13:05:22	1.2800	48.2	b
19-01-2026 13:01:13	1.2900	0.2	s
19-01-2026 13:00:00	1.2900	0.1	s
19-01-2026 12:58:46	1.2800	1.3	s
19-01-2026 11:59:31	1.2800	0.5	b
19-01-2026 11:59:30	1.2900	0.2	s
19-01-2026 11:59:29	1.2800	0.8	b
19-01-2026 11:59:23	1.2900	0.1	s
19-01-2026 11:59:16	1.2800	0.1	b
19-01-2026 11:58:47	1.2800	0.1	b
19-01-2026 11:58:30	1.2800	0.2	b
19-01-2026 11:58:15	1.2900	0.3	s
19-01-2026 11:58:15	1.2800	0.2	b
19-01-2026 11:58:07	1.2900	0.1	s
19-01-2026 11:58:04	1.2900	0.2	s
19-01-2026 11:58:00	1.2800	0.1	b
19-01-2026 11:57:51	1.2900	0.1	s
19-01-2026 11:57:15	1.2800	0.2	b
19-01-2026 11:56:50	1.2900	0.1	s
19-01-2026 11:56:30	1.2800	0.1	b
19-01-2026 11:56:15	1.2800	0.4	b
19-01-2026 11:56:06	1.2900	0.1	s
19-01-2026 11:55:57	1.2900	0.7	s
19-01-2026 11:55:45	1.2800	0.1	b
19-01-2026 11:54:45	1.2800	0.1	b
19-01-2026 11:54:15	1.2800	0.1	b
19-01-2026 11:54:11	1.2900	0.1	s
19-01-2026 11:54:00	1.2800	0.1	b
19-01-2026 11:53:45	1.2800	0.7	b
19-01-2026 11:53:38	1.2900	0.8	s
19-01-2026 11:53:38	1.2800	0.8	b
19-01-2026 11:53:30	1.2800	0.1	b
19-01-2026 11:53:00	1.2800	0.1	b
19-01-2026 11:52:45	1.2800	0.1	b
19-01-2026 11:52:15	1.2800	0.5	b
19-01-2026 11:52:00	1.2800	0.1	b
19-01-2026 11:51:58	1.2900	0.5	s
19-01-2026 11:51:57	1.2900	0.7	s
19-01-2026 11:51:15	1.2800	0.1	b
19-01-2026 11:51:00	1.2800	0.1	b
19-01-2026 11:50:21	1.2900	0.1	s
19-01-2026 11:50:15	1.2800	0.2	b
19-01-2026 11:50:02	1.2900	0.2	s
19-01-2026 11:50:00	1.2800	0.1	b
19-01-2026 11:49:41	1.2800	0.1	b
19-01-2026 11:49:30	1.2800	0.1	b
19-01-2026 11:49:00	1.2800	0.4	b
19-01-2026 11:48:45	1.2800	0.1	b
19-01-2026 11:48:44	1.2800	0.8	b
19-01-2026 11:48:15	1.2800	0.1	b
19-01-2026 11:47:45	1.2800	0.1	b
19-01-2026 11:46:45	1.2800	0.1	b
19-01-2026 11:46:30	1.2800	0.3	b
19-01-2026 11:46:16	1.2800	0.1	b
19-01-2026 11:46:15	1.2800	0.3	b
19-01-2026 11:45:56	1.2800	0.2	b
19-01-2026 11:43:55	1.2800	0.9	b
19-01-2026 11:43:16	1.2900	0.4	s
19-01-2026 11:43:16	1.2800	0.1	b
19-01-2026 11:43:15	1.2900	0.7	s
19-01-2026 11:42:16	1.2900	0.3	s
19-01-2026 11:41:38	1.2900	0.8	s
19-01-2026 11:40:18	1.2900	0.2	s
19-01-2026 11:40:07	1.2900	0.8	s
19-01-2026 11:38:37	1.2900	0.7	s
19-01-2026 11:37:00	1.2900	0.8	s
19-01-2026 11:14:06	1.2900	0.1	s
19-01-2026 11:12:59	1.2800	9.3	b
19-01-2026 11:11:54	1.2900	0.2	s
19-01-2026 11:11:13	1.2900	0.9	s
19-01-2026 11:09:36	1.2900	0.1	s
19-01-2026 11:05:40	1.2900	0.3	s
19-01-2026 11:04:53	1.2900	0.9	s
19-01-2026 11:00:02	1.2900	0.3	s
19-01-2026 10:57:56	1.2800	6	b
19-01-2026 10:57:10	1.2900	0.1	s
19-01-2026 10:57:09	1.2900	0.3	s
19-01-2026 10:57:08	1.2900	1	s
19-01-2026 10:57:00	1.2800	0.2	b
19-01-2026 10:56:51	1.2900	3.9	s
19-01-2026 10:56:50	1.2900	0.3	s
19-01-2026 10:56:50	1.2800	59.5	s
19-01-2026 10:56:49	1.2800	0.9	s
19-01-2026 10:56:49	1.2800	8	s
19-01-2026 10:55:47	1.2800	0.8	s
19-01-2026 10:55:45	1.2700	2	b
19-01-2026 10:55:37	1.2800	0.2	s
19-01-2026 10:53:31	1.2800	0.3	s
19-01-2026 10:49:37	1.2800	0.3	s
19-01-2026 10:47:30	1.2800	0.3	s
19-01-2026 10:46:01	1.2800	0.3	s
19-01-2026 10:45:52	1.2700	0.1	b
19-01-2026 10:42:53	1.2800	0.3	s
19-01-2026 10:42:30	1.2700	0.1	b
19-01-2026 10:41:53	1.2800	0.3	s
19-01-2026 10:40:59	1.2700	0.1	b
19-01-2026 10:40:48	1.2800	2	s
19-01-2026 10:39:27	1.2700	0.1	b
19-01-2026 10:38:35	1.2800	0.9	s
19-01-2026 10:38:35	1.2800	0.1	s
19-01-2026 10:38:35	1.2800	2.6	s
19-01-2026 10:38:29	1.2800	0.1	s
19-01-2026 10:37:50	1.2800	0.3	s
19-01-2026 10:36:48	1.2800	0.3	s
19-01-2026 10:36:34	1.2800	0.3	s
19-01-2026 10:30:53	1.2800	0.3	s
19-01-2026 10:30:11	1.2800	0.1	s
19-01-2026 10:30:09	1.2800	0.3	s
19-01-2026 10:29:23	1.2800	0.1	s
19-01-2026 10:29:21	1.2800	0.1	s
19-01-2026 10:29:16	1.2800	0.8	s
19-01-2026 10:29:15	1.2800	0.2	s
19-01-2026 10:29:15	1.2800	1	s
19-01-2026 10:29:14	1.2800	0.2	s
19-01-2026 10:29:14	1.2800	39.4	s
19-01-2026 10:29:14	1.2800	0.3	s
19-01-2026 10:25:37	1.2800	0.2	s
19-01-2026 10:24:08	1.2800	1.4	s
19-01-2026 10:24:03	1.2800	0.3	s
19-01-2026 10:22:56	1.2800	0.2	s
19-01-2026 10:21:22	1.2700	0.9	b
19-01-2026 10:20:55	1.2800	0.3	s
19-01-2026 10:19:52	1.2700	0.1	b
19-01-2026 10:19:52	1.2700	0.2	b
19-01-2026 10:17:47	1.2800	0.2	s
19-01-2026 10:17:36	1.2800	0.3	s
19-01-2026 10:14:51	1.2800	0.2	s
19-01-2026 10:13:46	1.2700	0.8	b
19-01-2026 10:13:02	1.2800	0.3	s
19-01-2026 10:12:30	1.2800	0.3	s
19-01-2026 10:09:02	1.2800	0.3	s
19-01-2026 10:07:39	1.2800	0.2	s
19-01-2026 10:06:37	1.2700	0.7	b
19-01-2026 10:05:48	1.2800	0.1	s
19-01-2026 10:04:00	1.2800	0.1	s
19-01-2026 10:04:00	1.2800	0.1	s
19-01-2026 09:57:57	1.2800	0.1	s
19-01-2026 09:57:20	1.2700	0.1	b
19-01-2026 09:57:20	1.2700	0.8	b
19-01-2026 09:51:17	1.2800	0.4	s
19-01-2026 09:50:27	1.2800	0.1	s
19-01-2026 09:49:20	1.2800	0.1	s
19-01-2026 09:49:00	1.2800	0.1	s
19-01-2026 09:48:34	1.2800	0.1	s
19-01-2026 09:48:10	1.2800	0.1	s
19-01-2026 09:47:51	1.2800	0.1	s
19-01-2026 09:47:00	1.2800	2	s
19-01-2026 09:41:58	1.2800	0.1	s
19-01-2026 09:41:57	1.2800	5	s
19-01-2026 09:41:48	1.2700	1	b
19-01-2026 09:40:05	1.2800	87.8	b
19-01-2026 09:38:55	1.2900	0.3	s
19-01-2026 09:35:12	1.2900	0.3	s
19-01-2026 09:32:00	1.2900	0.3	s
19-01-2026 09:30:04	1.2900	0.3	s
19-01-2026 09:24:12	1.2900	0.3	s
19-01-2026 09:18:14	1.2900	0.3	s
19-01-2026 09:17:35	1.2900	19	s
19-01-2026 09:17:34	1.2900	29.5	s
19-01-2026 09:17:31	1.2900	7.8	s
19-01-2026 09:16:57	1.2900	0.3	s
19-01-2026 09:16:33	1.2900	13	s
19-01-2026 09:13:10	1.3000	0.1	s
19-01-2026 09:13:07	1.3000	0.3	s
19-01-2026 09:12:51	1.2900	29.8	s
19-01-2026 09:10:30	1.2900	0.1	s
19-01-2026 09:00:51	1.2900	0.1	s
19-01-2026 09:00:43	1.2800	2.8	b
19-01-2026 09:00:38	1.2900	0.1	s
19-01-2026 09:00:01	1.2800	7.4	b
19-01-2026 09:00:01	1.2800	1.5	b
19-01-2026 08:58:18	1.2800	4.4	s
