Time	Price	Vol(k)	W
19-01-2026 16:37:15	2.9500	0.7	b
19-01-2026 16:37:15	2.9500	1.1	b
19-01-2026 16:36:57	2.9500	1.1	b
19-01-2026 16:36:38	2.9500	1.2	b
19-01-2026 16:36:31	2.9600	0.7	s
19-01-2026 16:36:28	2.9500	1.8	b
19-01-2026 16:36:26	2.9500	1.4	b
19-01-2026 16:36:22	2.9600	0.3	s
19-01-2026 16:36:22	2.9500	1	b
19-01-2026 16:36:16	2.9500	2	b
19-01-2026 16:36:07	2.9500	1.2	b
19-01-2026 16:35:51	2.9500	1.1	b
19-01-2026 16:35:34	2.9500	1	b
19-01-2026 16:35:22	2.9500	0.3	b
19-01-2026 16:35:17	2.9500	1.1	b
19-01-2026 16:35:00	2.9500	0.9	b
19-01-2026 16:34:46	2.9500	1.4	b
19-01-2026 16:34:44	2.9500	0.7	b
19-01-2026 16:34:42	2.9500	1.2	b
19-01-2026 16:34:24	2.9500	1	b
19-01-2026 16:34:11	2.9500	0.3	b
19-01-2026 16:34:06	2.9500	0.7	b
19-01-2026 16:33:48	2.9500	0.7	b
19-01-2026 16:33:42	2.9600	0.2	s
19-01-2026 16:33:30	2.9500	1.5	b
19-01-2026 16:32:58	2.9500	2.3	b
19-01-2026 16:32:53	2.9500	2.6	b
19-01-2026 16:32:43	2.9500	1.1	b
19-01-2026 16:32:29	2.9500	0.8	b
19-01-2026 16:32:28	2.9500	0.2	b
19-01-2026 16:32:20	2.9600	0.5	s
19-01-2026 16:32:13	2.9500	0.9	b
19-01-2026 16:31:55	2.9500	0.9	b
19-01-2026 16:31:39	2.9500	1	b
19-01-2026 16:31:31	2.9500	2	b
19-01-2026 16:31:21	2.9500	1	b
19-01-2026 16:31:06	2.9500	1	b
19-01-2026 16:30:54	2.9500	1.2	b
19-01-2026 16:30:52	2.9500	0.2	b
19-01-2026 16:30:48	2.9500	0.9	b
19-01-2026 16:30:37	2.9600	5	s
19-01-2026 16:30:29	2.9500	0.9	b
19-01-2026 16:30:25	2.9500	0.1	b
19-01-2026 16:30:16	2.9500	2.3	b
19-01-2026 16:30:14	2.9500	1.1	b
19-01-2026 16:29:58	2.9500	0.9	b
19-01-2026 16:29:57	2.9500	0.9	b
19-01-2026 16:29:50	2.9500	2	b
19-01-2026 16:29:46	2.9500	2.7	b
19-01-2026 16:29:41	2.9500	0.9	b
19-01-2026 16:29:32	2.9500	5.8	b
19-01-2026 16:29:24	2.9500	1	b
19-01-2026 16:29:22	2.9600	0.2	s
19-01-2026 16:29:06	2.9500	1.2	b
19-01-2026 16:28:55	2.9500	1.5	b
19-01-2026 16:28:51	2.9600	0.3	s
19-01-2026 16:28:49	2.9500	1.3	b
19-01-2026 16:28:34	2.9500	62	b
19-01-2026 16:28:32	2.9500	1.1	b
19-01-2026 16:28:24	2.9500	0.1	b
19-01-2026 16:28:17	2.9500	1.1	b
19-01-2026 16:28:16	2.9500	0.8	b
19-01-2026 16:28:00	2.9500	0.7	b
19-01-2026 16:27:42	2.9500	0.8	b
19-01-2026 16:27:35	2.9500	2.1	b
19-01-2026 16:27:31	2.9500	3.5	b
19-01-2026 16:27:27	2.9500	1.4	b
19-01-2026 16:27:25	2.9500	0.7	b
19-01-2026 16:27:18	2.9500	0.9	b
19-01-2026 16:27:05	2.9500	0.9	b
19-01-2026 16:26:48	2.9500	0.9	b
19-01-2026 16:26:46	2.9500	2.4	b
19-01-2026 16:26:29	2.9500	0.9	b
19-01-2026 16:26:27	2.9500	3.1	b
19-01-2026 16:26:11	2.9500	0.9	b
19-01-2026 16:26:05	2.9500	1.4	b
19-01-2026 16:25:56	2.9500	1.1	b
19-01-2026 16:25:38	2.9500	1.1	b
19-01-2026 16:25:27	2.9500	0.4	b
19-01-2026 16:25:23	2.9600	1.8	s
19-01-2026 16:25:19	2.9500	0.9	b
19-01-2026 16:25:10	2.9500	0.2	b
19-01-2026 16:25:04	2.9500	0.9	b
19-01-2026 16:24:46	2.9500	0.9	b
19-01-2026 16:24:42	2.9500	2.6	b
19-01-2026 16:24:37	2.9500	0.8	b
19-01-2026 16:24:34	2.9500	0.7	b
19-01-2026 16:24:31	2.9500	1	b
19-01-2026 16:24:29	2.9500	1.1	b
19-01-2026 16:24:11	2.9500	1	b
19-01-2026 16:23:53	2.9500	1	b
19-01-2026 16:23:36	2.9500	1	b
19-01-2026 16:23:21	2.9500	1	b
19-01-2026 16:23:02	2.9500	1.2	b
19-01-2026 16:22:56	2.9600	1	s
19-01-2026 16:22:44	2.9500	1.1	b
19-01-2026 16:22:40	2.9600	20	s
19-01-2026 16:22:35	2.9500	0.1	b
19-01-2026 16:22:31	2.9500	2.1	b
19-01-2026 16:22:25	2.9500	1.2	b
19-01-2026 16:22:15	2.9500	2.3	b
19-01-2026 16:22:06	2.9500	1.2	b
19-01-2026 16:21:52	2.9600	1.4	s
19-01-2026 16:21:49	2.9500	1.3	b
19-01-2026 16:21:43	2.9500	1.1	b
19-01-2026 16:21:30	2.9500	1.3	b
19-01-2026 16:21:20	2.9500	3.3	b
19-01-2026 16:21:11	2.9500	1.4	b
19-01-2026 16:20:53	2.9500	1.5	b
19-01-2026 16:20:37	2.9500	1.4	b
19-01-2026 16:20:22	2.9500	1.2	b
19-01-2026 16:20:19	2.9500	0.8	b
19-01-2026 16:20:05	2.9500	1.2	b
19-01-2026 16:19:58	2.9500	0.3	b
19-01-2026 16:19:48	2.9500	1	b
19-01-2026 16:19:31	2.9500	0.9	b
19-01-2026 16:19:18	2.9600	0.4	s
19-01-2026 16:19:12	2.9500	1	b
19-01-2026 16:19:07	2.9600	1	s
19-01-2026 16:18:55	2.9500	1	b
19-01-2026 16:18:40	2.9500	0.8	b
19-01-2026 16:18:36	2.9600	1	s
19-01-2026 16:18:24	2.9500	0.8	b
19-01-2026 16:18:13	2.9600	1	s
19-01-2026 16:18:08	2.9600	1	s
19-01-2026 16:18:06	2.9500	2	b
19-01-2026 16:17:46	2.9500	0.2	b
19-01-2026 16:17:35	2.9500	2.4	b
19-01-2026 16:17:31	2.9500	0.7	b
19-01-2026 16:17:18	2.9500	1.2	b
19-01-2026 16:17:13	2.9500	0.8	b
19-01-2026 16:16:54	2.9500	1	b
19-01-2026 16:16:53	2.9500	2.1	b
19-01-2026 16:16:39	2.9500	1	b
19-01-2026 16:16:23	2.9500	1	b
19-01-2026 16:16:04	2.9500	1	b
19-01-2026 16:15:45	2.9500	1.2	b
19-01-2026 16:15:28	2.9500	0.3	b
19-01-2026 16:15:27	2.9500	0.9	b
19-01-2026 16:15:08	2.9500	1	b
19-01-2026 16:14:58	2.9500	0.1	b
19-01-2026 16:14:51	2.9500	1	b
19-01-2026 16:14:37	2.9600	1	s
19-01-2026 16:14:34	2.9500	1	b
19-01-2026 16:14:17	2.9500	1	b
19-01-2026 16:13:58	2.9500	0.9	b
19-01-2026 16:13:43	2.9500	1.1	b
19-01-2026 16:13:29	2.9600	15	s
19-01-2026 16:13:26	2.9500	1	b
19-01-2026 16:13:22	2.9600	0.1	s
19-01-2026 16:13:09	2.9500	15.4	b
19-01-2026 16:12:52	2.9500	1.2	b
19-01-2026 16:12:50	2.9500	7.7	b
19-01-2026 16:12:50	2.9600	638.8	b
19-01-2026 16:12:50	2.9700	100	s
19-01-2026 16:12:48	2.9700	0.3	s
19-01-2026 16:12:44	2.9700	0.1	s
19-01-2026 16:12:38	2.9700	1.4	s
19-01-2026 16:12:25	2.9700	0.3	s
19-01-2026 16:12:25	2.9600	2.3	b
19-01-2026 16:12:19	2.9700	1.3	s
19-01-2026 16:12:15	2.9600	1.6	b
19-01-2026 16:12:03	2.9700	1.9	s
19-01-2026 16:11:47	2.9600	2.1	b
19-01-2026 16:11:46	2.9700	1.7	s
19-01-2026 16:11:45	2.9700	0.3	s
19-01-2026 16:11:30	2.9700	1.3	s
19-01-2026 16:11:28	2.9700	0.3	s
19-01-2026 16:11:15	2.9700	1	s
19-01-2026 16:11:10	2.9700	1.1	s
19-01-2026 16:11:10	2.9700	0.3	s
19-01-2026 16:11:05	2.9600	1.4	b
19-01-2026 16:10:54	2.9700	0.9	s
19-01-2026 16:10:47	2.9700	0.3	s
19-01-2026 16:10:40	2.9600	0.2	b
19-01-2026 16:10:34	2.9700	0.9	s
19-01-2026 16:10:30	2.9600	0.4	b
19-01-2026 16:10:17	2.9700	0.3	s
19-01-2026 16:10:17	2.9600	0.2	b
19-01-2026 16:10:16	2.9700	1.3	s
19-01-2026 16:09:57	2.9700	1.9	s
19-01-2026 16:09:53	2.9700	0.3	s
19-01-2026 16:09:41	2.9700	1.9	s
19-01-2026 16:09:33	2.9700	0.4	s
19-01-2026 16:09:28	2.9700	0.1	s
19-01-2026 16:09:25	2.9700	1.2	s
19-01-2026 16:09:13	2.9700	0.3	s
19-01-2026 16:09:06	2.9700	1.9	s
19-01-2026 16:08:53	2.9700	0.4	s
19-01-2026 16:08:43	2.9600	1.3	b
19-01-2026 16:08:31	2.9700	2.1	s
19-01-2026 16:08:28	2.9700	2.5	s
19-01-2026 16:08:25	2.9700	0.1	s
19-01-2026 16:08:21	2.9700	0.3	s
19-01-2026 16:08:15	2.9700	0.2	s
19-01-2026 16:08:13	2.9700	1.1	s
19-01-2026 16:07:54	2.9700	1.4	s
19-01-2026 16:07:53	2.9600	3.4	b
19-01-2026 16:07:53	2.9700	0.3	s
19-01-2026 16:07:36	2.9700	1.6	s
19-01-2026 16:07:33	2.9700	0.3	s
19-01-2026 16:07:19	2.9700	1.6	s
19-01-2026 16:07:19	2.9700	0.1	s
19-01-2026 16:07:13	2.9700	0.3	s
19-01-2026 16:07:03	2.9700	2	s
19-01-2026 16:06:53	2.9700	0.4	s
19-01-2026 16:06:46	2.9700	2	s
19-01-2026 16:06:34	2.9700	0.4	s
19-01-2026 16:06:28	2.9700	1.7	s
19-01-2026 16:06:18	2.9600	5	b
19-01-2026 16:06:16	2.9700	0.1	s
19-01-2026 16:06:15	2.9700	0.3	s
19-01-2026 16:06:10	2.9700	0.9	s
19-01-2026 16:05:54	2.9700	0.3	s
19-01-2026 16:05:53	2.9700	1	s
19-01-2026 16:05:37	2.9700	1.1	s
19-01-2026 16:05:27	2.9600	0.3	b
19-01-2026 16:05:25	2.9700	0.3	s
19-01-2026 16:05:19	2.9700	1.1	s
19-01-2026 16:05:10	2.9700	0.1	s
19-01-2026 16:05:01	2.9700	1.9	s
19-01-2026 16:04:56	2.9700	0.3	s
19-01-2026 16:04:26	2.9700	1	s
19-01-2026 16:04:25	2.9700	0.3	s
19-01-2026 16:04:25	2.9600	1.4	b
19-01-2026 16:04:09	2.9700	1.2	s
19-01-2026 16:03:53	2.9700	0.3	s
19-01-2026 16:03:50	2.9700	2.7	s
19-01-2026 16:03:45	2.9600	2.3	b
19-01-2026 16:03:40	2.9700	4.9	s
19-01-2026 16:03:19	2.9700	0.3	s
19-01-2026 16:03:13	2.9700	1.2	s
19-01-2026 16:03:10	2.9600	2.1	b
19-01-2026 16:03:03	2.9700	0.2	s
19-01-2026 16:02:57	2.9700	1.1	s
19-01-2026 16:02:47	2.9700	0.3	s
19-01-2026 16:02:42	2.9700	1.1	s
19-01-2026 16:02:42	2.9600	0.2	b
19-01-2026 16:02:35	2.9700	0.1	s
19-01-2026 16:02:26	2.9600	0.6	b
19-01-2026 16:02:24	2.9700	1.3	s
19-01-2026 16:02:17	2.9700	0.3	s
19-01-2026 16:02:05	2.9700	1.3	s
19-01-2026 16:01:58	2.9700	2.5	s
19-01-2026 16:01:49	2.9700	0.3	s
19-01-2026 16:01:46	2.9700	1.3	s
19-01-2026 16:01:29	2.9700	1.5	s
19-01-2026 16:01:25	2.9700	0.3	s
19-01-2026 16:01:11	2.9700	1.4	s
19-01-2026 16:01:01	2.9700	0.3	s
19-01-2026 16:00:56	2.9700	1.3	s
19-01-2026 16:00:40	2.9700	1.5	s
19-01-2026 16:00:37	2.9700	0.3	s
19-01-2026 16:00:21	2.9700	1.2	s
19-01-2026 16:00:13	2.9700	0.3	s
19-01-2026 16:00:04	2.9600	0.3	b
19-01-2026 16:00:03	2.9700	1.1	s
19-01-2026 16:00:00	2.9600	1.5	b
19-01-2026 15:59:48	2.9700	0.9	s
19-01-2026 15:59:47	2.9700	0.3	s
19-01-2026 15:59:40	2.9700	0.1	s
19-01-2026 15:59:33	2.9700	1	s
19-01-2026 15:59:21	2.9700	0.2	s
19-01-2026 15:59:19	2.9600	0.1	b
19-01-2026 15:59:18	2.9700	1.2	s
19-01-2026 15:59:00	2.9600	0.1	b
19-01-2026 15:59:00	2.9700	1	s
19-01-2026 15:58:48	2.9700	0.3	s
19-01-2026 15:58:46	2.9600	0.1	b
19-01-2026 15:58:45	2.9700	0.3	s
19-01-2026 15:58:42	2.9600	0.2	b
19-01-2026 15:58:41	2.9700	1.7	s
19-01-2026 15:58:39	2.9600	0.1	b
19-01-2026 15:58:39	2.9600	2	b
19-01-2026 15:58:16	2.9600	0.1	b
19-01-2026 15:58:15	2.9700	0.3	s
19-01-2026 15:58:11	2.9700	0.1	s
19-01-2026 15:58:04	2.9600	0.1	b
19-01-2026 15:58:03	2.9700	1.5	s
19-01-2026 15:57:41	2.9700	0.5	s
19-01-2026 15:57:32	2.9600	0.2	b
19-01-2026 15:57:31	2.9700	1.7	s
19-01-2026 15:57:21	2.9700	0.2	s
19-01-2026 15:57:00	2.9600	0.1	b
19-01-2026 15:56:59	2.9700	1	s
19-01-2026 15:56:44	2.9600	0.1	b
19-01-2026 15:56:43	2.9700	1.2	s
19-01-2026 15:56:36	2.9700	0.3	s
19-01-2026 15:56:28	2.9600	0.1	b
19-01-2026 15:56:28	2.9700	1.1	s
19-01-2026 15:56:24	2.9700	0.1	s
19-01-2026 15:56:12	2.9600	0.1	b
19-01-2026 15:56:11	2.9700	1.2	s
19-01-2026 15:56:08	2.9700	0.3	s
19-01-2026 15:55:56	2.9600	0.1	b
19-01-2026 15:55:56	2.9700	1.1	s
19-01-2026 15:55:40	2.9700	0.3	s
19-01-2026 15:55:39	2.9600	0.1	b
19-01-2026 15:55:38	2.9700	0.9	s
19-01-2026 15:55:24	2.9600	0.1	b
19-01-2026 15:55:23	2.9700	1.7	s
19-01-2026 15:55:12	2.9700	0.3	s
19-01-2026 15:55:00	2.9600	0.1	b
19-01-2026 15:54:57	2.9600	0.2	b
19-01-2026 15:54:52	2.9600	0.1	b
19-01-2026 15:54:51	2.9700	1.5	s
19-01-2026 15:54:35	2.9700	0.3	s
19-01-2026 15:54:23	2.9600	0.3	b
19-01-2026 15:54:20	2.9700	1.5	s
19-01-2026 15:54:02	2.9700	2.2	s
19-01-2026 15:53:53	2.9600	0.3	b
19-01-2026 15:53:53	2.9700	0.3	s
19-01-2026 15:53:42	2.9700	1.5	s
19-01-2026 15:53:14	2.9700	0.3	s
19-01-2026 15:53:07	2.9700	1	s
19-01-2026 15:52:48	2.9700	0.9	s
19-01-2026 15:52:39	2.9700	0.3	s
19-01-2026 15:52:31	2.9700	0.3	s
19-01-2026 15:52:29	2.9700	1	s
19-01-2026 15:52:14	2.9700	1	s
19-01-2026 15:52:06	2.9700	0.3	s
19-01-2026 15:51:59	2.9700	1.1	s
19-01-2026 15:51:50	2.9600	4	b
19-01-2026 15:51:47	2.9600	2.1	b
19-01-2026 15:51:44	2.9700	1.2	s
19-01-2026 15:51:38	2.9700	0.3	s
19-01-2026 15:51:26	2.9700	0.9	s
19-01-2026 15:51:11	2.9700	0.3	s
19-01-2026 15:51:09	2.9700	1.1	s
19-01-2026 15:50:50	2.9700	0.9	s
19-01-2026 15:50:42	2.9700	0.3	s
19-01-2026 15:50:35	2.9700	1	s
19-01-2026 15:50:16	2.9700	0.9	s
19-01-2026 15:50:12	2.9700	0.3	s
19-01-2026 15:49:57	2.9700	0.9	s
19-01-2026 15:49:48	2.9700	0.1	s
19-01-2026 15:49:38	2.9700	1.8	s
19-01-2026 15:49:19	2.9700	1	s
19-01-2026 15:49:07	2.9700	0.1	s
19-01-2026 15:49:04	2.9700	1.3	s
19-01-2026 15:49:03	2.9700	0.3	s
19-01-2026 15:48:47	2.9700	1.1	s
19-01-2026 15:48:42	2.9700	0.1	s
19-01-2026 15:48:38	2.9700	0.3	s
19-01-2026 15:48:30	2.9700	1.1	s
19-01-2026 15:48:23	2.9700	6	s
19-01-2026 15:48:14	2.9700	0.3	s
19-01-2026 15:48:11	2.9700	3.9	s
19-01-2026 15:47:53	2.9700	1	s
19-01-2026 15:47:49	2.9700	0.3	s
19-01-2026 15:47:35	2.9700	0.1	s
19-01-2026 15:47:34	2.9700	1	s
19-01-2026 15:47:29	2.9700	0.5	s
19-01-2026 15:47:21	2.9700	0.3	s
19-01-2026 15:47:17	2.9700	1.3	s
19-01-2026 15:47:03	2.9600	0.2	b
19-01-2026 15:46:59	2.9700	1.1	s
19-01-2026 15:46:56	2.9600	0.1	b
19-01-2026 15:46:54	2.9700	0.3	s
19-01-2026 15:46:49	2.9600	0.1	b
19-01-2026 15:46:44	2.9700	1.4	s
19-01-2026 15:46:41	2.9600	0.2	b
19-01-2026 15:46:31	2.9700	0.3	s
19-01-2026 15:46:30	2.9700	0.1	s
19-01-2026 15:46:26	2.9700	1.2	s
19-01-2026 15:46:22	2.9600	0.1	b
19-01-2026 15:46:08	2.9700	2.5	s
19-01-2026 15:45:50	2.9700	1.1	s
19-01-2026 15:45:41	2.9700	0.3	s
19-01-2026 15:45:34	2.9700	0.9	s
19-01-2026 15:45:27	2.9700	0.1	s
19-01-2026 15:45:24	2.9700	0.1	s
19-01-2026 15:45:16	2.9700	1.5	s
19-01-2026 15:45:13	2.9700	0.3	s
19-01-2026 15:45:12	2.9600	200	b
19-01-2026 15:44:58	2.9700	1.5	s
19-01-2026 15:44:54	2.9700	0.2	s
19-01-2026 15:44:50	2.9700	0.3	s
19-01-2026 15:44:43	2.9700	2.4	s
19-01-2026 15:44:43	2.9700	101.5	s
19-01-2026 15:44:32	2.9700	0.3	s
19-01-2026 15:44:28	2.9700	1.6	s
19-01-2026 15:44:14	2.9700	0.3	s
19-01-2026 15:44:10	2.9700	1.2	s
19-01-2026 15:43:54	2.9700	0.3	s
19-01-2026 15:43:52	2.9700	1.2	s
19-01-2026 15:43:34	2.9700	1.1	s
19-01-2026 15:43:27	2.9700	0.1	s
19-01-2026 15:43:26	2.9700	0.3	s
19-01-2026 15:43:19	2.9700	0.9	s
19-01-2026 15:43:17	2.9600	1.4	b
19-01-2026 15:43:11	2.9600	16	b
19-01-2026 15:43:01	2.9700	0.9	s
19-01-2026 15:42:57	2.9700	0.3	s
19-01-2026 15:42:54	2.9700	0.2	s
19-01-2026 15:42:45	2.9700	1	s
19-01-2026 15:42:26	2.9700	1	s
19-01-2026 15:42:25	2.9700	0.3	s
19-01-2026 15:42:17	2.9600	1.8	b
19-01-2026 15:42:09	2.9700	0.9	s
19-01-2026 15:42:06	2.9700	0.1	s
19-01-2026 15:41:52	2.9700	0.3	s
19-01-2026 15:41:50	2.9700	0.9	s
19-01-2026 15:41:34	2.9600	0.9	b
19-01-2026 15:41:33	2.9700	1.6	s
19-01-2026 15:41:22	2.9600	1.4	b
19-01-2026 15:41:19	2.9700	0.3	s
19-01-2026 15:41:15	2.9600	0.5	b
19-01-2026 15:40:56	2.9700	1.3	s
19-01-2026 15:40:41	2.9700	0.3	s
19-01-2026 15:40:35	2.9600	2.3	b
19-01-2026 15:40:20	2.9700	1.4	s
19-01-2026 15:40:19	2.9700	0.1	s
19-01-2026 15:40:14	2.9700	0.2	s
19-01-2026 15:40:10	2.9700	0.1	s
19-01-2026 15:40:03	2.9600	5	b
19-01-2026 15:39:55	2.9700	0.3	s
19-01-2026 15:39:44	2.9700	1.3	s
19-01-2026 15:39:10	2.9700	1.3	s
19-01-2026 15:39:09	2.9700	0.3	s
19-01-2026 15:38:38	2.9700	1.4	s
19-01-2026 15:38:26	2.9700	0.3	s
19-01-2026 15:38:16	2.9700	0.1	s
19-01-2026 15:38:12	2.9700	0.3	s
19-01-2026 15:38:03	2.9700	2.1	s
19-01-2026 15:37:45	2.9700	0.3	s
19-01-2026 15:37:25	2.9700	1.3	s
19-01-2026 15:37:05	2.9700	0.5	s
19-01-2026 15:36:54	2.9700	1.1	s
19-01-2026 15:36:19	2.9700	1.2	s
19-01-2026 15:36:11	2.9700	0.1	s
19-01-2026 15:35:54	2.9700	0.2	s
19-01-2026 15:35:47	2.9700	1.2	s
19-01-2026 15:35:28	2.9700	0.3	s
19-01-2026 15:35:17	2.9700	1.5	s
19-01-2026 15:34:45	2.9700	1.7	s
19-01-2026 15:34:44	2.9700	0.3	s
19-01-2026 15:34:36	2.9700	0.5	s
19-01-2026 15:34:34	2.9700	0.1	s
19-01-2026 15:34:12	2.9700	1.1	s
19-01-2026 15:34:07	2.9700	0.3	s
19-01-2026 15:33:53	2.9700	1	s
19-01-2026 15:33:39	2.9700	0.3	s
19-01-2026 15:33:38	2.9700	1.2	s
19-01-2026 15:33:35	2.9700	0.1	s
19-01-2026 15:33:25	2.9700	1.6	s
19-01-2026 15:33:19	2.9700	1.7	s
19-01-2026 15:33:15	2.9700	0.3	s
19-01-2026 15:33:13	2.9700	0.3	s
19-01-2026 15:33:00	2.9600	1.4	b
19-01-2026 15:32:57	2.9600	1.4	b
19-01-2026 15:32:48	2.9700	1.6	s
19-01-2026 15:32:40	2.9700	0.3	s
19-01-2026 15:32:34	2.9700	0.1	s
19-01-2026 15:32:34	2.9700	3.3	s
19-01-2026 15:32:34	2.9700	0.2	s
19-01-2026 15:32:12	2.9700	1	s
19-01-2026 15:32:07	2.9700	2.5	s
19-01-2026 15:32:00	2.9700	0.3	s
19-01-2026 15:31:53	2.9700	0.9	s
19-01-2026 15:31:34	2.9700	1	s
19-01-2026 15:31:34	2.9700	0.1	s
19-01-2026 15:31:29	2.9700	0.3	s
19-01-2026 15:31:18	2.9700	1.6	s
19-01-2026 15:30:58	2.9700	0.3	s
19-01-2026 15:30:44	2.9700	1.5	s
19-01-2026 15:30:35	2.9700	0.1	s
19-01-2026 15:30:18	2.9700	0.3	s
19-01-2026 15:30:15	2.9700	2	s
19-01-2026 15:30:11	2.9700	0.1	s
19-01-2026 15:30:08	2.9700	0.9	s
19-01-2026 15:29:54	2.9700	0.2	s
19-01-2026 15:29:50	2.9700	1.5	s
19-01-2026 15:29:38	2.9700	0.3	s
19-01-2026 15:29:13	2.9700	1.2	s
19-01-2026 15:28:59	2.9700	0.3	s
19-01-2026 15:28:42	2.9700	5	s
19-01-2026 15:28:40	2.9700	1.2	s
19-01-2026 15:28:08	2.9700	0.3	s
19-01-2026 15:28:07	2.9700	1.4	s
19-01-2026 15:27:57	2.9600	0.1	b
19-01-2026 15:27:50	2.9600	5	b
19-01-2026 15:27:48	2.9700	0.1	s
19-01-2026 15:27:45	2.9600	4.2	b
19-01-2026 15:27:34	2.9700	1.5	s
19-01-2026 15:27:26	2.9700	0.3	s
19-01-2026 15:27:15	2.9700	12	s
19-01-2026 15:27:01	2.9700	1.5	s
19-01-2026 15:26:46	2.9700	0.3	s
19-01-2026 15:26:26	2.9700	1.7	s
19-01-2026 15:26:07	2.9700	0.3	s
19-01-2026 15:25:48	2.9700	1.6	s
19-01-2026 15:25:26	2.9700	0.3	s
19-01-2026 15:25:16	2.9700	0.9	s
19-01-2026 15:24:58	2.9700	1.3	s
19-01-2026 15:24:54	2.9700	0.2	s
19-01-2026 15:24:45	2.9700	0.3	s
19-01-2026 15:24:21	2.9700	0.9	s
19-01-2026 15:24:14	2.9600	2.3	b
19-01-2026 15:24:14	2.9700	0.2	s
19-01-2026 15:24:09	2.9700	0.2	s
19-01-2026 15:24:05	2.9700	0.3	s
19-01-2026 15:24:02	2.9700	0.9	s
19-01-2026 15:23:46	2.9700	0.9	s
19-01-2026 15:23:27	2.9700	0.9	s
19-01-2026 15:23:21	2.9700	0.2	s
19-01-2026 15:23:09	2.9700	0.9	s
19-01-2026 15:22:54	2.9700	0.2	s
19-01-2026 15:22:51	2.9700	0.9	s
19-01-2026 15:22:35	2.9700	1.1	s
19-01-2026 15:22:34	2.9700	0.1	s
19-01-2026 15:22:19	2.9700	1.5	s
19-01-2026 15:21:55	2.9700	25	s
19-01-2026 15:21:48	2.9700	1.6	s
19-01-2026 15:21:44	2.9700	0.1	s
19-01-2026 15:21:35	2.9700	2.5	s
19-01-2026 15:21:34	2.9600	1.5	b
19-01-2026 15:21:33	2.9600	4.3	b
19-01-2026 15:21:24	2.9600	2.4	b
19-01-2026 15:21:12	2.9700	0.9	s
19-01-2026 15:20:56	2.9700	0.2	s
19-01-2026 15:20:55	2.9700	1.4	s
19-01-2026 15:20:48	2.9600	3	b
19-01-2026 15:20:38	2.9700	1.3	s
19-01-2026 15:20:29	2.9700	0.1	s
19-01-2026 15:20:22	2.9700	1.3	s
19-01-2026 15:20:06	2.9700	1.7	s
19-01-2026 15:19:45	2.9600	2.9	b
19-01-2026 15:19:34	2.9700	1.6	s
19-01-2026 15:19:04	2.9600	2.2	b
19-01-2026 15:19:00	2.9700	1.5	s
19-01-2026 15:18:23	2.9700	0.9	s
19-01-2026 15:18:05	2.9700	1.1	s
19-01-2026 15:17:49	2.9600	0.3	b
19-01-2026 15:17:46	2.9700	1.1	s
19-01-2026 15:17:41	2.9700	1.4	s
19-01-2026 15:17:29	2.9700	1.1	s
19-01-2026 15:17:25	2.9700	0.2	s
19-01-2026 15:17:14	2.9700	1.7	s
19-01-2026 15:16:41	2.9700	1.4	s
19-01-2026 15:16:34	2.9700	14	s
19-01-2026 15:16:22	2.9700	0.3	s
19-01-2026 15:16:07	2.9700	0.9	s
19-01-2026 15:15:50	2.9700	0.9	s
19-01-2026 15:15:33	2.9700	1.7	s
19-01-2026 15:15:02	2.9700	1.1	s
19-01-2026 15:14:46	2.9700	1.2	s
19-01-2026 15:14:27	2.9700	1	s
19-01-2026 15:14:08	2.9700	1.8	s
19-01-2026 15:13:35	2.9700	0.9	s
19-01-2026 15:13:20	2.9700	1.5	s
19-01-2026 15:12:51	2.9600	10	b
19-01-2026 15:12:45	2.9700	1.7	s
19-01-2026 15:12:27	2.9700	0.2	s
19-01-2026 15:12:12	2.9700	1.4	s
19-01-2026 15:12:12	2.9600	1.4	b
19-01-2026 15:11:39	2.9700	1.5	s
19-01-2026 15:11:06	2.9700	0.9	s
19-01-2026 15:10:49	2.9700	1.6	s
19-01-2026 15:10:30	2.9700	0.1	s
19-01-2026 15:10:18	2.9700	1	s
19-01-2026 15:09:59	2.9700	1.1	s
19-01-2026 15:09:59	2.9600	1.5	b
19-01-2026 15:09:43	2.9700	1	s
19-01-2026 15:09:35	2.9600	0.1	b
19-01-2026 15:09:27	2.9700	0.2	s
19-01-2026 15:09:25	2.9700	1.2	s
19-01-2026 15:09:08	2.9600	200	b
19-01-2026 15:09:08	2.9700	1.2	s
19-01-2026 15:08:53	2.9600	2.2	b
19-01-2026 15:08:52	2.9700	1.3	s
19-01-2026 15:08:36	2.9700	1.5	s
19-01-2026 15:08:30	2.9600	0.1	b
19-01-2026 15:08:25	2.9700	5	s
19-01-2026 15:08:18	2.9700	1.6	s
19-01-2026 15:07:58	2.9700	0.2	s
19-01-2026 15:07:21	2.9700	2	s
19-01-2026 15:07:20	2.9600	6	b
19-01-2026 15:06:34	2.9700	0.2	s
19-01-2026 15:06:07	2.9600	0.1	b
19-01-2026 15:05:16	2.9700	0.2	s
19-01-2026 15:04:58	2.9600	1.7	b
19-01-2026 15:04:49	2.9700	0.3	s
19-01-2026 15:04:23	2.9600	2.4	b
19-01-2026 15:04:20	2.9700	0.3	s
19-01-2026 15:03:57	2.9700	3	s
19-01-2026 15:02:15	2.9700	0.2	s
19-01-2026 15:01:43	2.9600	2.2	b
19-01-2026 15:01:10	2.9700	12.3	s
19-01-2026 15:00:56	2.9700	0.3	s
19-01-2026 15:00:11	2.9600	0.1	b
19-01-2026 14:59:44	2.9600	0.1	b
19-01-2026 14:59:42	2.9700	0.1	s
19-01-2026 14:59:20	2.9600	0.3	b
19-01-2026 14:58:56	2.9700	0.1	s
19-01-2026 14:57:40	2.9700	0.2	s
19-01-2026 14:57:35	2.9700	0.1	s
19-01-2026 14:57:31	2.9600	3	b
19-01-2026 14:55:55	2.9700	0.1	s
19-01-2026 14:54:05	2.9700	0.1	s
19-01-2026 14:52:25	2.9700	0.1	s
19-01-2026 14:51:30	2.9600	0.1	b
19-01-2026 14:51:20	2.9600	10	b
19-01-2026 14:50:54	2.9700	0.2	s
19-01-2026 14:50:45	2.9700	0.1	s
19-01-2026 14:50:34	2.9700	50	s
19-01-2026 14:50:31	2.9600	0.5	b
19-01-2026 14:50:27	2.9700	0.1	s
19-01-2026 14:50:20	2.9700	3	s
19-01-2026 14:49:33	2.9600	2.2	b
19-01-2026 14:48:55	2.9700	0.1	s
19-01-2026 14:48:07	2.9700	0.1	s
19-01-2026 14:47:15	2.9700	0.1	s
19-01-2026 14:46:31	2.9700	0.2	s
19-01-2026 14:46:07	2.9700	0.1	s
19-01-2026 14:45:25	2.9700	0.1	s
19-01-2026 14:44:57	2.9700	1	s
19-01-2026 14:43:57	2.9700	1	s
19-01-2026 14:43:46	2.9700	0.3	s
19-01-2026 14:43:44	2.9700	0.1	s
19-01-2026 14:43:29	2.9700	1	s
19-01-2026 14:42:42	2.9700	3.6	s
19-01-2026 14:42:13	2.9700	1	s
19-01-2026 14:42:04	2.9700	0.1	s
19-01-2026 14:40:59	2.9700	0.4	s
19-01-2026 14:40:58	2.9700	2	s
19-01-2026 14:40:51	2.9700	2	s
19-01-2026 14:40:46	2.9700	5	s
19-01-2026 14:40:14	2.9700	0.1	s
19-01-2026 14:39:13	2.9700	0.2	s
19-01-2026 14:38:34	2.9700	0.1	s
19-01-2026 14:38:29	2.9700	2	s
19-01-2026 14:37:06	2.9700	0.1	s
19-01-2026 14:36:54	2.9700	0.1	s
19-01-2026 14:36:24	2.9600	2	b
19-01-2026 14:36:19	2.9600	2.6	b
19-01-2026 14:35:04	2.9700	0.1	s
19-01-2026 14:33:50	2.9600	5	b
19-01-2026 14:33:24	2.9700	0.1	s
19-01-2026 14:32:50	2.9600	15	b
19-01-2026 14:31:53	2.9600	2.2	b
19-01-2026 14:31:34	2.9700	0.1	s
19-01-2026 14:30:58	2.9600	15	b
19-01-2026 14:30:09	2.9600	0.1	b
19-01-2026 14:29:55	2.9600	0.1	b
19-01-2026 14:29:54	2.9700	0.1	s
19-01-2026 14:29:42	2.9700	0.2	s
19-01-2026 14:29:39	2.9600	0.1	b
19-01-2026 14:28:28	2.9600	0.1	b
19-01-2026 14:28:13	2.9700	0.1	s
19-01-2026 14:27:43	2.9600	5	b
19-01-2026 14:27:10	2.9700	0.2	s
19-01-2026 14:27:07	2.9700	0.2	s
19-01-2026 14:26:23	2.9700	0.1	s
19-01-2026 14:24:43	2.9700	0.1	s
19-01-2026 14:22:53	2.9700	0.1	s
19-01-2026 14:22:07	2.9700	0.2	s
19-01-2026 14:22:06	2.9700	15	s
19-01-2026 14:21:22	2.9600	0.1	b
19-01-2026 14:21:17	2.9600	0.1	b
19-01-2026 14:21:13	2.9700	0.1	s
19-01-2026 14:19:33	2.9700	0.1	s
19-01-2026 14:19:31	2.9700	0.1	s
19-01-2026 14:18:22	2.9700	5.3	s
19-01-2026 14:17:43	2.9700	0.1	s
19-01-2026 14:16:52	2.9700	5	s
19-01-2026 14:16:29	2.9700	1.7	s
19-01-2026 14:16:06	2.9600	12.4	b
19-01-2026 14:16:03	2.9700	0.1	s
19-01-2026 14:15:10	2.9700	0.5	s
19-01-2026 14:14:30	2.9700	0.2	s
19-01-2026 14:14:13	2.9700	0.1	s
19-01-2026 14:13:08	2.9700	0.7	s
19-01-2026 14:12:44	2.9600	10	b
19-01-2026 14:12:36	2.9700	1	s
19-01-2026 14:12:33	2.9700	0.1	s
19-01-2026 14:11:41	2.9700	1	s
19-01-2026 14:10:53	2.9700	0.1	s
19-01-2026 14:09:03	2.9700	0.1	s
19-01-2026 14:08:08	2.9700	0.8	s
19-01-2026 14:07:30	2.9700	0.6	s
19-01-2026 14:07:23	2.9700	0.1	s
19-01-2026 14:06:46	2.9600	3	b
19-01-2026 14:05:33	2.9700	0.1	s
19-01-2026 14:05:15	2.9700	1	s
19-01-2026 14:03:53	2.9700	0.1	s
19-01-2026 14:02:43	2.9700	1	s
19-01-2026 14:02:13	2.9700	0.1	s
19-01-2026 14:01:21	2.9700	1.4	s
19-01-2026 14:00:23	2.9700	0.1	s
19-01-2026 13:59:56	2.9600	0.1	b
19-01-2026 13:58:43	2.9700	0.1	s
19-01-2026 13:57:03	2.9700	0.1	s
19-01-2026 13:55:32	2.9700	2	s
19-01-2026 13:54:43	2.9700	10	s
19-01-2026 13:54:42	2.9700	0.9	b
19-01-2026 13:54:42	2.9700	405.7	b
19-01-2026 13:54:17	2.9700	0.1	b
19-01-2026 13:54:07	2.9700	2.5	b
19-01-2026 13:53:26	2.9800	0.1	s
19-01-2026 13:52:49	2.9700	3	b
19-01-2026 13:52:44	2.9800	0.6	s
19-01-2026 13:50:42	2.9700	0.6	b
19-01-2026 13:49:23	2.9800	5	s
19-01-2026 13:48:53	2.9700	72.8	s
19-01-2026 13:48:52	2.9700	12.6	s
19-01-2026 13:48:48	2.9700	2.3	s
19-01-2026 13:48:45	2.9700	4.2	s
19-01-2026 13:48:44	2.9700	5	s
19-01-2026 13:48:42	2.9700	2.3	s
19-01-2026 13:48:38	2.9600	0.1	b
19-01-2026 13:48:35	2.9700	1.5	s
19-01-2026 13:48:33	2.9700	241	b
19-01-2026 13:48:30	2.9800	49.5	s
19-01-2026 13:48:29	2.9700	392.1	s
19-01-2026 13:47:02	2.9700	1	s
19-01-2026 13:46:40	2.9700	0.1	s
19-01-2026 13:46:17	2.9700	1	s
19-01-2026 13:46:03	2.9600	0.2	b
19-01-2026 13:40:06	2.9600	0.5	b
19-01-2026 13:40:00	2.9700	9.9	s
19-01-2026 13:38:00	2.9700	0.1	s
19-01-2026 13:37:39	2.9700	2	s
19-01-2026 13:37:06	2.9700	20	s
19-01-2026 13:36:23	2.9600	0.1	b
19-01-2026 13:36:23	2.9700	10	s
19-01-2026 13:35:46	2.9700	2	s
19-01-2026 13:35:24	2.9700	5	s
19-01-2026 13:33:55	2.9700	12	s
19-01-2026 13:33:47	2.9600	5	b
19-01-2026 13:32:39	2.9600	2	b
19-01-2026 13:32:06	2.9700	5	s
19-01-2026 13:32:04	2.9700	5	s
19-01-2026 13:31:42	2.9700	50	s
19-01-2026 13:31:31	2.9600	0.3	b
19-01-2026 13:30:58	2.9600	2	b
19-01-2026 13:30:57	2.9600	1	b
19-01-2026 13:30:37	2.9700	25	s
19-01-2026 13:30:03	2.9600	1	b
19-01-2026 13:29:53	2.9600	0.3	b
19-01-2026 13:28:30	2.9600	0.3	b
19-01-2026 13:28:30	2.9700	25	s
19-01-2026 13:27:55	2.9600	0.1	b
19-01-2026 13:27:54	2.9600	10	b
19-01-2026 13:27:30	2.9600	0.1	b
19-01-2026 13:27:30	2.9600	10	b
19-01-2026 13:26:53	2.9600	0.1	b
19-01-2026 13:25:52	2.9600	0.1	b
19-01-2026 13:25:26	2.9600	3	b
19-01-2026 13:25:21	2.9600	5	b
19-01-2026 13:25:16	2.9600	2	b
19-01-2026 13:24:51	2.9600	0.4	b
19-01-2026 13:24:13	2.9600	2	b
19-01-2026 13:23:41	2.9600	20.8	b
19-01-2026 13:21:50	2.9600	0.1	b
19-01-2026 13:21:48	2.9600	80.1	b
19-01-2026 13:21:44	2.9600	1	b
19-01-2026 13:21:35	2.9600	77.2	b
19-01-2026 13:21:28	2.9700	0.5	s
19-01-2026 13:21:28	2.9700	411.4	s
19-01-2026 13:21:28	2.9600	948.8	s
19-01-2026 13:21:26	2.9500	0.5	s
19-01-2026 13:21:26	2.9500	1390.8	s
19-01-2026 13:21:19	2.9400	3	b
19-01-2026 13:19:31	2.9400	1	b
19-01-2026 13:17:58	2.9500	10	s
19-01-2026 13:17:56	2.9400	5	b
19-01-2026 13:17:33	2.9500	0.1	s
19-01-2026 13:16:57	2.9400	1.4	b
19-01-2026 13:16:57	2.9500	50	s
19-01-2026 13:16:00	2.9400	10	b
19-01-2026 13:14:58	2.9400	10	b
19-01-2026 13:12:48	2.9400	6	b
19-01-2026 13:12:26	2.9400	0.8	b
19-01-2026 13:09:20	2.9500	0.3	s
19-01-2026 13:09:16	2.9500	0.1	s
19-01-2026 13:09:03	2.9400	0.1	b
19-01-2026 13:08:36	2.9400	1.4	b
19-01-2026 13:08:04	2.9400	1.5	b
19-01-2026 13:07:37	2.9400	8	b
19-01-2026 13:07:37	2.9400	213.1	s
19-01-2026 13:07:20	2.9400	0.1	s
19-01-2026 13:06:00	2.9400	0.1	s
19-01-2026 13:05:00	2.9400	0.1	s
19-01-2026 13:04:32	2.9400	0.1	s
19-01-2026 13:04:03	2.9400	0.1	s
19-01-2026 13:03:29	2.9400	0.1	s
19-01-2026 13:03:29	2.9400	3	b
19-01-2026 13:03:09	2.9400	0.1	b
19-01-2026 13:03:09	2.9500	0.1	s
19-01-2026 13:03:07	2.9300	1.5	b
19-01-2026 13:02:32	2.9500	0.2	s
19-01-2026 13:02:30	2.9300	1.5	b
19-01-2026 13:01:13	2.9300	0.2	b
19-01-2026 13:00:03	2.9400	0.2	b
19-01-2026 13:00:03	2.9400	134.4	b
19-01-2026 13:00:01	2.9400	3	b
19-01-2026 13:00:00	2.9400	0.1	b
19-01-2026 12:58:46	2.9400	62.1	s
19-01-2026 11:59:37	2.9300	1	b
19-01-2026 11:59:29	2.9400	0.6	s
19-01-2026 11:58:56	2.9400	0.7	s
19-01-2026 11:57:30	2.9400	0.7	s
19-01-2026 11:57:09	2.9400	0.6	s
19-01-2026 11:56:34	2.9400	0.8	s
19-01-2026 11:55:56	2.9400	0.9	s
19-01-2026 11:55:28	2.9300	0.1	b
19-01-2026 11:55:28	2.9400	0.9	s
19-01-2026 11:55:21	2.9300	0.3	b
19-01-2026 11:55:20	2.9300	10	b
19-01-2026 11:53:52	2.9400	15	s
19-01-2026 11:52:15	2.9300	0.3	b
19-01-2026 11:51:30	2.9400	0.6	s
19-01-2026 11:50:25	2.9300	0.6	b
19-01-2026 11:50:15	2.9300	1.3	b
19-01-2026 11:50:15	2.9500	231.3	s
19-01-2026 11:50:15	2.9400	186.8	b
19-01-2026 11:50:15	2.9300	161.5	b
19-01-2026 11:50:15	2.9300	519.4	b
19-01-2026 11:50:15	2.9400	75.3	b
19-01-2026 11:50:15	2.9400	10.7	b
19-01-2026 11:50:15	2.9400	183.4	s
19-01-2026 11:50:01	2.9400	3	s
19-01-2026 11:49:45	2.9400	32	s
19-01-2026 11:49:34	2.9400	0.1	s
19-01-2026 11:49:24	2.9400	0.3	s
19-01-2026 11:49:01	2.9400	2.6	s
19-01-2026 11:48:25	2.9400	2.5	s
19-01-2026 11:47:50	2.9400	2.1	s
19-01-2026 11:47:12	2.9400	2	s
19-01-2026 11:47:04	2.9400	0.3	s
19-01-2026 11:46:32	2.9400	2	s
19-01-2026 11:46:01	2.9400	0.1	s
19-01-2026 11:45:53	2.9400	0.1	s
19-01-2026 11:45:52	2.9400	2.1	s
19-01-2026 11:45:46	2.9400	0.1	s
19-01-2026 11:45:39	2.9400	0.1	s
19-01-2026 11:45:32	2.9400	0.1	s
19-01-2026 11:45:28	2.9400	0.2	s
19-01-2026 11:45:25	2.9400	6.8	s
19-01-2026 11:45:25	2.9400	20	s
19-01-2026 11:45:20	2.9400	0.1	s
19-01-2026 11:45:15	2.9400	1.9	s
19-01-2026 11:45:13	2.9400	0.1	s
19-01-2026 11:45:05	2.9400	0.1	s
19-01-2026 11:44:57	2.9400	0.1	s
19-01-2026 11:44:49	2.9400	0.1	s
19-01-2026 11:44:41	2.9400	0.1	s
19-01-2026 11:44:33	2.9400	0.1	s
19-01-2026 11:44:32	2.9400	2	s
19-01-2026 11:44:24	2.9400	0.1	s
19-01-2026 11:44:15	2.9400	35.3	s
19-01-2026 11:44:13	2.9400	0.1	s
19-01-2026 11:44:04	2.9400	0.1	s
19-01-2026 11:43:58	2.9400	0.1	s
19-01-2026 11:43:50	2.9400	0.1	s
19-01-2026 11:43:47	2.9400	2	s
19-01-2026 11:43:41	2.9400	0.1	s
19-01-2026 11:43:33	2.9400	0.1	s
19-01-2026 11:43:24	2.9400	0.3	s
19-01-2026 11:43:24	2.9400	0.1	s
19-01-2026 11:43:16	2.9400	0.1	s
19-01-2026 11:43:11	2.9400	1.9	s
19-01-2026 11:43:08	2.9400	0.1	s
19-01-2026 11:43:00	2.9400	0.1	s
19-01-2026 11:42:51	2.9400	0.1	s
19-01-2026 11:42:43	2.9300	1.9	b
19-01-2026 11:42:42	2.9400	0.1	s
19-01-2026 11:42:31	2.9400	2	s
19-01-2026 11:42:23	2.9400	2.4	s
19-01-2026 11:42:01	2.9300	1.4	b
19-01-2026 11:41:53	2.9300	1.6	b
19-01-2026 11:41:51	2.9400	2.2	s
19-01-2026 11:41:44	2.9300	1.6	b
19-01-2026 11:41:44	2.9300	50	b
19-01-2026 11:41:15	2.9400	2.1	s
19-01-2026 11:41:12	2.9400	1.7	s
19-01-2026 11:40:44	2.9400	1.6	s
19-01-2026 11:40:38	2.9400	2.2	s
19-01-2026 11:40:02	2.9400	2.1	s
19-01-2026 11:39:27	2.9400	2.6	s
19-01-2026 11:39:04	2.9400	0.1	s
19-01-2026 11:38:53	2.9400	1.9	s
19-01-2026 11:38:35	2.9400	1.7	s
19-01-2026 11:38:29	2.9300	1.6	b
19-01-2026 11:38:20	2.9400	3.1	s
19-01-2026 11:37:43	2.9400	2	s
19-01-2026 11:37:33	2.9300	0.7	b
19-01-2026 11:37:12	2.9300	0.7	b
19-01-2026 11:37:06	2.9400	2	s
19-01-2026 11:36:30	2.9400	2.1	s
19-01-2026 11:36:24	2.9400	0.1	s
19-01-2026 11:36:13	2.9300	1.4	b
19-01-2026 11:35:54	2.9300	2.2	b
19-01-2026 11:35:54	2.9400	2	s
19-01-2026 11:35:10	2.9400	2.2	s
19-01-2026 11:34:34	2.9400	2.4	s
19-01-2026 11:33:58	2.9400	3.2	s
19-01-2026 11:33:56	2.9400	0.3	s
19-01-2026 11:33:48	2.9400	0.2	s
19-01-2026 11:33:23	2.9400	0.1	s
19-01-2026 11:33:22	2.9400	3	s
19-01-2026 11:32:51	2.9400	2.9	s
19-01-2026 11:32:17	2.9400	2.4	s
19-01-2026 11:31:52	2.9300	1.1	b
19-01-2026 11:31:47	2.9300	20	b
19-01-2026 11:31:42	2.9400	2	s
19-01-2026 11:31:07	2.9400	2.1	s
19-01-2026 11:30:40	2.9300	1.4	b
19-01-2026 11:30:35	2.9400	2	s
19-01-2026 11:30:26	2.9400	1.9	s
19-01-2026 11:30:01	2.9300	2	b
19-01-2026 11:30:00	2.9400	2.2	s
19-01-2026 11:30:00	2.9400	0.1	s
19-01-2026 11:29:56	2.9300	0.1	b
19-01-2026 11:29:28	2.9300	0.1	b
19-01-2026 11:29:25	2.9400	2.3	s
19-01-2026 11:28:56	2.9400	0.1	s
19-01-2026 11:28:51	2.9400	2	s
19-01-2026 11:28:25	2.9300	0.5	b
19-01-2026 11:28:17	2.9400	2.4	s
19-01-2026 11:28:16	2.9300	1.4	b
19-01-2026 11:27:52	2.9400	0.1	s
19-01-2026 11:27:42	2.9400	2.6	s
19-01-2026 11:27:33	2.9300	0.4	b
19-01-2026 11:27:08	2.9400	2.7	s
19-01-2026 11:26:52	2.9300	1.3	b
19-01-2026 11:26:50	2.9400	0.3	s
19-01-2026 11:26:48	2.9400	0.1	s
19-01-2026 11:26:46	2.9400	30	s
19-01-2026 11:26:44	2.9300	0.3	b
19-01-2026 11:26:31	2.9400	2.5	s
19-01-2026 11:26:01	2.9300	0.8	b
19-01-2026 11:25:59	2.9300	0.6	b
19-01-2026 11:25:57	2.9400	2.1	s
19-01-2026 11:25:46	2.9400	0.1	s
19-01-2026 11:25:40	2.9300	0.4	b
19-01-2026 11:25:22	2.9400	2.2	s
19-01-2026 11:24:51	2.9400	2.4	s
19-01-2026 11:24:40	2.9400	0.1	s
19-01-2026 11:24:33	2.9300	0.4	b
19-01-2026 11:24:16	2.9400	3.2	s
19-01-2026 11:23:57	2.9300	0.4	b
19-01-2026 11:23:55	2.9300	1	b
19-01-2026 11:23:33	2.9400	0.1	s
19-01-2026 11:23:30	2.9300	2.7	b
19-01-2026 11:23:30	2.9300	0.5	b
19-01-2026 11:23:23	2.9400	2	s
19-01-2026 11:22:49	2.9400	2	s
19-01-2026 11:22:37	2.9400	0.3	s
19-01-2026 11:22:25	2.9400	0.1	s
19-01-2026 11:22:24	2.9300	0.3	b
19-01-2026 11:22:15	2.9400	2.5	s
19-01-2026 11:21:44	2.9400	0.1	s
19-01-2026 11:21:39	2.9400	2.9	s
19-01-2026 11:21:38	2.9300	1.4	b
19-01-2026 11:21:25	2.9300	0.5	b
19-01-2026 11:21:18	2.9400	0.1	s
19-01-2026 11:21:03	2.9400	2.1	s
19-01-2026 11:20:47	2.9400	1.5	s
19-01-2026 11:20:41	2.9300	1	b
19-01-2026 11:20:31	2.9300	5	b
19-01-2026 11:20:28	2.9400	2	s
19-01-2026 11:20:11	2.9400	0.1	s
19-01-2026 11:19:52	2.9400	2	s
19-01-2026 11:19:47	2.9300	10	b
19-01-2026 11:19:25	2.9300	1.4	b
19-01-2026 11:19:21	2.9300	0.7	b
19-01-2026 11:19:19	2.9400	2.2	s
19-01-2026 11:18:48	2.9400	0.1	s
19-01-2026 11:18:46	2.9400	2.6	s
19-01-2026 11:18:20	2.9300	0.3	b
19-01-2026 11:18:09	2.9400	2.2	s
19-01-2026 11:17:35	2.9400	2.1	s
19-01-2026 11:17:23	2.9400	0.1	s
19-01-2026 11:17:23	2.9300	0.3	b
19-01-2026 11:17:22	2.9400	4	s
19-01-2026 11:17:02	2.9300	2.2	b
19-01-2026 11:17:01	2.9300	1.4	b
19-01-2026 11:17:01	2.9400	2.1	s
19-01-2026 11:16:19	2.9400	2	s
19-01-2026 11:15:58	2.9400	0.1	s
19-01-2026 11:15:40	2.9400	2	s
19-01-2026 11:15:36	2.9300	1	b
19-01-2026 11:15:03	2.9400	2.4	s
19-01-2026 11:15:01	2.9300	1.2	b
19-01-2026 11:14:58	2.9400	0.3	s
19-01-2026 11:14:55	2.9300	30	b
19-01-2026 11:14:34	2.9400	0.1	s
19-01-2026 11:14:30	2.9400	2.4	s
19-01-2026 11:14:28	2.9300	0.2	b
19-01-2026 11:14:28	2.9300	0.8	b
19-01-2026 11:14:26	2.9300	0.6	b
19-01-2026 11:13:55	2.9400	2.1	s
19-01-2026 11:13:22	2.9300	0.7	b
19-01-2026 11:13:21	2.9400	2.1	s
19-01-2026 11:12:45	2.9400	2	s
19-01-2026 11:12:12	2.9300	0.5	b
19-01-2026 11:12:10	2.9400	2.2	s
19-01-2026 11:12:08	2.9300	2	b
19-01-2026 11:11:46	2.9300	1.3	b
19-01-2026 11:11:44	2.9300	0.1	b
19-01-2026 11:11:34	2.9400	2.3	s
19-01-2026 11:11:21	2.9300	0.5	b
19-01-2026 11:10:58	2.9400	2.1	s
19-01-2026 11:10:38	2.9400	2.3	s
19-01-2026 11:10:20	2.9400	1.9	s
19-01-2026 11:09:40	2.9400	2	s
19-01-2026 11:09:24	2.9300	0.2	b
19-01-2026 11:09:00	2.9300	1	b
19-01-2026 11:08:58	2.9400	0.3	s
19-01-2026 11:08:58	2.9400	2.6	s
19-01-2026 11:08:55	2.9300	1.9	b
19-01-2026 11:08:34	2.9400	1.9	s
19-01-2026 11:08:22	2.9400	2.3	s
19-01-2026 11:08:00	2.9400	8.5	s
19-01-2026 11:07:45	2.9400	2	s
19-01-2026 11:06:57	2.9400	2	s
19-01-2026 11:06:52	2.9300	0.9	b
19-01-2026 11:06:16	2.9400	2	s
19-01-2026 11:05:45	2.9400	1.6	s
19-01-2026 11:05:42	2.9400	2.1	s
19-01-2026 11:05:06	2.9400	2.1	s
19-01-2026 11:04:50	2.9300	4.2	b
19-01-2026 11:04:50	2.9300	10	b
19-01-2026 11:04:42	2.9300	0.7	b
19-01-2026 11:04:30	2.9400	6.1	s
19-01-2026 11:04:02	2.9400	0.3	s
19-01-2026 11:04:00	2.9300	1.7	b
19-01-2026 11:04:00	2.9300	2.1	b
19-01-2026 11:04:00	2.9400	52	s
19-01-2026 11:03:56	2.9400	0.1	s
19-01-2026 11:03:38	2.9400	2.2	s
19-01-2026 11:03:03	2.9400	2	s
19-01-2026 11:02:24	2.9400	2.1	s
19-01-2026 11:02:09	2.9300	0.1	b
19-01-2026 11:01:47	2.9400	2	s
19-01-2026 11:01:13	2.9400	1.8	s
19-01-2026 11:01:11	2.9400	2.4	s
19-01-2026 11:00:37	2.9400	2.8	s
19-01-2026 11:00:33	2.9400	0.3	s
19-01-2026 11:00:17	2.9300	0.1	b
19-01-2026 11:00:06	2.9400	1.7	s
19-01-2026 11:00:02	2.9400	1.9	s
19-01-2026 10:59:47	2.9300	0.1	b
19-01-2026 10:59:25	2.9400	2	s
19-01-2026 10:58:46	2.9400	2	s
19-01-2026 10:58:30	2.9300	0.1	b
19-01-2026 10:58:12	2.9300	0.6	b
19-01-2026 10:58:06	2.9400	2.9	s
19-01-2026 10:57:30	2.9300	2.9	b
19-01-2026 10:57:25	2.9400	116.8	s
19-01-2026 10:57:23	2.9300	20	b
19-01-2026 10:56:57	2.9400	3	s
19-01-2026 10:56:55	2.9300	0.1	b
19-01-2026 10:55:45	2.9400	3.1	s
19-01-2026 10:54:50	2.9300	1	b
19-01-2026 10:54:47	2.9400	2	s
19-01-2026 10:54:38	2.9300	0.1	b
19-01-2026 10:54:10	2.9400	2.1	s
19-01-2026 10:53:32	2.9400	2	s
19-01-2026 10:52:53	2.9400	2.1	s
19-01-2026 10:52:22	2.9300	0.1	b
19-01-2026 10:52:17	2.9400	2	s
19-01-2026 10:51:40	2.9400	2	s
19-01-2026 10:51:27	2.9300	5	b
19-01-2026 10:51:14	2.9300	0.8	b
19-01-2026 10:51:03	2.9400	0.4	s
19-01-2026 10:51:00	2.9400	2.2	s
19-01-2026 10:50:45	2.9400	0.1	s
19-01-2026 10:50:41	2.9400	0.3	s
19-01-2026 10:50:26	2.9400	0.3	s
19-01-2026 10:50:24	2.9400	1.9	s
19-01-2026 10:50:06	2.9300	0.1	b
19-01-2026 10:48:23	2.9400	0.1	s
19-01-2026 10:48:21	2.9400	0.3	s
19-01-2026 10:48:02	2.9400	0.1	s
19-01-2026 10:47:52	2.9400	0.1	s
19-01-2026 10:47:52	2.9400	0.7	s
19-01-2026 10:47:50	2.9400	0.1	s
19-01-2026 10:47:50	2.9300	0.1	b
19-01-2026 10:47:01	2.9400	0.1	s
19-01-2026 10:46:42	2.9400	0.3	s
19-01-2026 10:46:11	2.9400	0.2	s
19-01-2026 10:46:04	2.9400	0.2	s
19-01-2026 10:46:01	2.9400	0.1	s
19-01-2026 10:45:56	2.9400	0.2	s
19-01-2026 10:45:47	2.9400	0.2	s
19-01-2026 10:45:39	2.9400	0.2	s
19-01-2026 10:45:34	2.9300	0.1	b
19-01-2026 10:45:31	2.9400	0.2	s
19-01-2026 10:45:23	2.9400	0.2	s
19-01-2026 10:45:15	2.9400	0.2	s
19-01-2026 10:45:07	2.9400	0.2	s
19-01-2026 10:44:59	2.9400	0.2	s
19-01-2026 10:44:56	2.9400	0.2	s
19-01-2026 10:44:22	2.9400	0.3	s
19-01-2026 10:44:20	2.9300	5.5	b
19-01-2026 10:43:19	2.9300	0.1	b
19-01-2026 10:42:58	2.9400	0.1	s
19-01-2026 10:42:21	2.9300	3	b
19-01-2026 10:42:17	2.9300	2	b
19-01-2026 10:41:55	2.9400	0.1	s
19-01-2026 10:40:56	2.9400	0.2	s
19-01-2026 10:40:18	2.9400	2.5	s
19-01-2026 10:38:54	2.9400	0.1	s
19-01-2026 10:38:10	2.9400	2.2	s
19-01-2026 10:38:09	2.9400	0.3	s
19-01-2026 10:37:55	2.9400	0.2	s
19-01-2026 10:36:53	2.9300	0.1	b
19-01-2026 10:36:38	2.9300	0.1	b
19-01-2026 10:36:23	2.9300	0.1	b
19-01-2026 10:36:08	2.9300	0.1	b
19-01-2026 10:35:53	2.9300	0.1	b
19-01-2026 10:35:51	2.9400	0.2	s
19-01-2026 10:35:38	2.9300	0.1	b
19-01-2026 10:35:23	2.9300	0.1	b
19-01-2026 10:33:49	2.9400	0.5	s
19-01-2026 10:33:49	2.9300	1.2	b
19-01-2026 10:33:49	2.9300	36.5	b
19-01-2026 10:33:48	2.9300	2.1	b
19-01-2026 10:33:48	2.9300	235.2	s
19-01-2026 10:32:29	2.9300	1	s
19-01-2026 10:32:28	2.9300	1	s
19-01-2026 10:30:24	2.9300	0.3	s
19-01-2026 10:29:52	2.9200	0.1	b
19-01-2026 10:29:48	2.9200	2	b
19-01-2026 10:29:25	2.9200	0.1	b
19-01-2026 10:26:18	2.9200	0.1	b
19-01-2026 10:26:13	2.9200	0.1	b
19-01-2026 10:26:05	2.9300	0.1	s
19-01-2026 10:26:04	2.9300	0.3	s
19-01-2026 10:25:59	2.9300	0.1	s
19-01-2026 10:25:56	2.9300	17	s
19-01-2026 10:23:15	2.9300	0.1	s
19-01-2026 10:23:08	2.9200	0.3	b
19-01-2026 10:23:00	2.9300	0.1	s
19-01-2026 10:22:46	2.9300	0.3	s
19-01-2026 10:22:30	2.9300	0.2	s
19-01-2026 10:22:14	2.9200	0.1	b
19-01-2026 10:20:00	2.9300	0.1	s
19-01-2026 10:19:49	2.9300	0.1	s
19-01-2026 10:19:49	2.9300	0.4	s
19-01-2026 10:18:30	2.9300	0.1	s
19-01-2026 10:18:30	2.9300	0.3	s
19-01-2026 10:18:12	2.9200	0.1	b
19-01-2026 10:18:07	2.9300	0.1	s
19-01-2026 10:18:06	2.9300	0.3	s
19-01-2026 10:18:00	2.9300	0.2	s
19-01-2026 10:18:00	2.9300	49.2	s
19-01-2026 10:15:45	2.9300	1	s
19-01-2026 10:15:30	2.9200	0.1	b
19-01-2026 10:15:29	2.9200	0.5	b
19-01-2026 10:15:24	2.9200	0.1	b
19-01-2026 10:15:22	2.9200	0.4	b
19-01-2026 10:15:22	2.9200	20	b
19-01-2026 10:15:18	2.9200	0.2	b
19-01-2026 10:14:43	2.9200	0.1	b
19-01-2026 10:14:41	2.9200	0.2	b
19-01-2026 10:14:41	2.9200	7.5	b
19-01-2026 10:14:09	2.9200	0.1	b
19-01-2026 10:14:01	2.9300	1	s
19-01-2026 10:13:22	2.9200	0.1	b
19-01-2026 10:12:11	2.9200	3	b
19-01-2026 10:12:10	2.9200	0.1	b
19-01-2026 10:12:09	2.9200	20	b
19-01-2026 10:11:46	2.9300	1	s
19-01-2026 10:11:25	2.9200	0.8	b
19-01-2026 10:10:26	2.9300	0.8	s
19-01-2026 10:10:09	2.9200	0.1	b
19-01-2026 10:09:57	2.9300	0.3	s
19-01-2026 10:09:26	2.9200	0.1	b
19-01-2026 10:09:24	2.9200	4.5	b
19-01-2026 10:07:33	2.9200	1.6	b
19-01-2026 10:03:38	2.9300	0.1	s
19-01-2026 10:03:35	2.9300	5	s
19-01-2026 10:03:27	2.9200	7	b
19-01-2026 10:02:16	2.9200	0.6	b
19-01-2026 10:01:52	2.9300	6.1	s
19-01-2026 09:57:55	2.9300	0.4	s
19-01-2026 09:57:52	2.9300	0.1	s
19-01-2026 09:57:51	2.9300	2.3	s
19-01-2026 09:54:45	2.9300	0.1	s
19-01-2026 09:54:44	2.9200	0.7	b
19-01-2026 09:54:05	2.9300	0.1	s
19-01-2026 09:53:45	2.9300	0.1	s
19-01-2026 09:53:09	2.9300	0.1	s
19-01-2026 09:52:49	2.9300	0.1	s
19-01-2026 09:52:15	2.9300	2.5	s
19-01-2026 09:51:04	2.9300	1	s
19-01-2026 09:47:41	2.9200	2	b
19-01-2026 09:46:29	2.9300	0.1	s
19-01-2026 09:45:23	2.9300	0.1	s
19-01-2026 09:44:07	2.9300	0.2	s
19-01-2026 09:43:05	2.9300	1	s
19-01-2026 09:41:34	2.9300	0.3	s
19-01-2026 09:41:33	2.9300	0.1	s
19-01-2026 09:40:39	2.9300	0.1	s
19-01-2026 09:40:20	2.9300	1.5	s
19-01-2026 09:39:35	2.9300	10	s
19-01-2026 09:39:32	2.9300	0.1	s
19-01-2026 09:39:23	2.9300	0.1	s
19-01-2026 09:38:51	2.9300	0.3	s
19-01-2026 09:38:24	2.9300	0.1	s
19-01-2026 09:38:04	2.9300	0.1	s
19-01-2026 09:37:49	2.9300	2	s
19-01-2026 09:37:11	2.9300	3.6	s
19-01-2026 09:36:52	2.9300	0.5	s
19-01-2026 09:36:41	2.9300	77.6	b
19-01-2026 09:36:40	2.9300	5	b
19-01-2026 09:36:35	2.9300	1	b
19-01-2026 09:36:28	2.9300	10	b
19-01-2026 09:36:26	2.9300	15	b
19-01-2026 09:34:41	2.9300	1.1	b
19-01-2026 09:33:43	2.9400	3	s
19-01-2026 09:32:32	2.9300	4	b
19-01-2026 09:32:29	2.9300	0.1	b
19-01-2026 09:32:19	2.9300	2	b
19-01-2026 09:32:13	2.9300	1	b
19-01-2026 09:31:58	2.9300	20	b
19-01-2026 09:31:24	2.9400	121.7	s
19-01-2026 09:31:24	2.9300	288.5	b
19-01-2026 09:31:22	2.9300	1	b
19-01-2026 09:30:25	2.9300	2	b
19-01-2026 09:30:05	2.9300	10	b
19-01-2026 09:27:35	2.9300	2	b
19-01-2026 09:26:09	2.9400	5	s
19-01-2026 09:24:58	2.9300	21.7	b
19-01-2026 09:23:39	2.9300	20	b
19-01-2026 09:21:55	2.9300	5	b
19-01-2026 09:21:15	2.9300	3	b
19-01-2026 09:18:50	2.9300	5	b
19-01-2026 09:18:34	2.9300	2	b
19-01-2026 09:18:27	2.9300	2.9	b
19-01-2026 09:17:35	2.9400	3	s
19-01-2026 09:16:00	2.9400	0.1	s
19-01-2026 09:16:00	2.9300	0.7	b
19-01-2026 09:15:52	2.9400	50	s
19-01-2026 09:14:17	2.9300	10	b
19-01-2026 09:13:41	2.9400	0.2	s
19-01-2026 09:12:24	2.9400	0.4	s
19-01-2026 09:12:05	2.9300	11	b
19-01-2026 09:11:46	2.9300	2	b
19-01-2026 09:11:41	2.9300	5	b
19-01-2026 09:09:35	2.9400	0.1	s
19-01-2026 09:08:22	2.9300	53	b
19-01-2026 09:08:15	2.9400	0.1	s
19-01-2026 09:07:05	2.9400	2	s
19-01-2026 09:06:18	2.9400	351.5	b
19-01-2026 09:05:43	2.9400	17.3	b
19-01-2026 09:05:40	2.9400	11	b
19-01-2026 09:05:04	2.9400	0.5	b
19-01-2026 09:04:50	2.9400	5	b
19-01-2026 09:04:26	2.9400	20	b
19-01-2026 09:04:17	2.9400	0.1	b
19-01-2026 09:04:04	2.9400	2	b
19-01-2026 09:03:42	2.9400	5	b
19-01-2026 09:03:39	2.9500	104.7	s
19-01-2026 09:03:39	2.9400	224.9	s
19-01-2026 09:03:39	2.9300	2	b
19-01-2026 09:03:39	2.9300	27.1	b
19-01-2026 09:03:37	2.9300	3.6	b
19-01-2026 09:02:59	2.9300	83.6	s
19-01-2026 09:02:27	2.9300	4.4	s
19-01-2026 09:01:23	2.9200	2.8	b
19-01-2026 09:01:22	2.9200	32	b
19-01-2026 09:01:21	2.9200	268.9	b
19-01-2026 09:01:20	2.9300	0.2	b
19-01-2026 09:01:20	2.9300	14.9	s
19-01-2026 09:01:19	2.9300	504.7	b
19-01-2026 09:00:15	2.9300	1.5	b
19-01-2026 09:00:15	2.9300	10.9	b
19-01-2026 09:00:06	2.9300	1.6	b
19-01-2026 09:00:05	2.9300	15.4	b
19-01-2026 09:00:05	2.9400	103.5	s
19-01-2026 09:00:04	2.9300	1.8	b
19-01-2026 09:00:03	2.9300	10	b
19-01-2026 09:00:03	2.9300	1.6	b
19-01-2026 09:00:03	2.9300	220	s
19-01-2026 09:00:01	2.9200	9.2	b
19-01-2026 09:00:01	2.9300	1.1	s
19-01-2026 08:58:18	2.9300	422.2	b
