Time	Price	Vol(k)	W
19-01-2026 16:38:21	2.3900	0.1	s
19-01-2026 16:38:18	2.3800	0.2	b
19-01-2026 16:38:10	2.3800	0.1	b
19-01-2026 16:37:46	2.3900	0.6	s
19-01-2026 16:37:41	2.3900	0.1	s
19-01-2026 16:37:27	2.3900	0.4	s
19-01-2026 16:37:21	2.3900	0.1	s
19-01-2026 16:37:04	2.3800	0.7	b
19-01-2026 16:37:03	2.3800	1.5	b
19-01-2026 16:37:03	2.3900	0.4	s
19-01-2026 16:37:01	2.3900	1.7	s
19-01-2026 16:37:00	2.3900	3.1	s
19-01-2026 16:36:56	2.3800	15	b
19-01-2026 16:36:53	2.3900	1.5	s
19-01-2026 16:36:48	2.3900	1.5	s
19-01-2026 16:36:48	2.3900	0.1	s
19-01-2026 16:36:45	2.3800	0.5	b
19-01-2026 16:36:25	2.3800	0.5	b
19-01-2026 16:36:15	2.3900	0.1	s
19-01-2026 16:36:01	2.3900	0.4	s
19-01-2026 16:35:34	2.3900	0.6	s
19-01-2026 16:35:26	2.3900	0.1	s
19-01-2026 16:35:19	2.3800	4.1	b
19-01-2026 16:35:17	2.3900	0.5	s
19-01-2026 16:35:03	2.3800	2	b
19-01-2026 16:35:02	2.3800	0.1	b
19-01-2026 16:34:57	2.3800	3.5	b
19-01-2026 16:34:54	2.3900	0.1	s
19-01-2026 16:34:50	2.3900	1.6	s
19-01-2026 16:34:49	2.3900	0.1	s
19-01-2026 16:34:46	2.3800	0.5	b
19-01-2026 16:34:43	2.3800	2.1	b
19-01-2026 16:34:41	2.3800	3.1	b
19-01-2026 16:34:39	2.3800	0.3	b
19-01-2026 16:34:39	2.3900	0.6	s
19-01-2026 16:34:36	2.3800	5.6	b
19-01-2026 16:34:23	2.3900	0.4	s
19-01-2026 16:34:22	2.3800	2.1	b
19-01-2026 16:33:58	2.3900	1.6	s
19-01-2026 16:33:53	2.3800	2.1	b
19-01-2026 16:33:31	2.3800	2.3	b
19-01-2026 16:33:21	2.3800	2.2	b
19-01-2026 16:33:20	2.3800	0.6	b
19-01-2026 16:33:15	2.3800	0.2	b
19-01-2026 16:33:13	2.3900	1.6	s
19-01-2026 16:33:04	2.3800	0.1	b
19-01-2026 16:33:02	2.3800	2.4	b
19-01-2026 16:32:41	2.3800	2.2	b
19-01-2026 16:32:24	2.3900	0.3	s
19-01-2026 16:32:21	2.3900	0.2	s
19-01-2026 16:32:20	2.3900	2.7	s
19-01-2026 16:32:19	2.3900	1.8	s
19-01-2026 16:32:16	2.3800	2.2	b
19-01-2026 16:32:11	2.3800	2.1	b
19-01-2026 16:32:11	2.3800	1.2	b
19-01-2026 16:31:58	2.3800	1.6	b
19-01-2026 16:31:46	2.3800	2.2	b
19-01-2026 16:31:38	2.3800	0.7	b
19-01-2026 16:31:33	2.3900	0.6	s
19-01-2026 16:31:21	2.3800	2.3	b
19-01-2026 16:31:01	2.3800	2	b
19-01-2026 16:30:53	2.3800	2.3	b
19-01-2026 16:30:32	2.3900	1.7	s
19-01-2026 16:30:28	2.3800	2.2	b
19-01-2026 16:30:24	2.3800	5.3	b
19-01-2026 16:30:16	2.3900	0.6	s
19-01-2026 16:29:59	2.3800	2.3	b
19-01-2026 16:29:56	2.3900	0.4	s
19-01-2026 16:29:44	2.3800	0.8	b
19-01-2026 16:29:43	2.3900	0.1	s
19-01-2026 16:29:40	2.3800	7.8	b
19-01-2026 16:29:34	2.3800	2.3	b
19-01-2026 16:29:26	2.3800	0.3	b
19-01-2026 16:29:26	2.3900	1.5	s
19-01-2026 16:29:10	2.3900	1.9	s
19-01-2026 16:29:08	2.3900	1.7	s
19-01-2026 16:29:07	2.3900	27	s
19-01-2026 16:29:04	2.3800	2.2	b
19-01-2026 16:29:00	2.3800	0.2	b
19-01-2026 16:28:56	2.3800	3.5	b
19-01-2026 16:28:36	2.3800	2.2	b
19-01-2026 16:28:28	2.3800	2.7	b
19-01-2026 16:28:26	2.3900	0.4	s
19-01-2026 16:28:19	2.3900	0.6	s
19-01-2026 16:28:16	2.3800	2.2	b
19-01-2026 16:27:50	2.3900	2.5	s
19-01-2026 16:27:44	2.3800	2.1	b
19-01-2026 16:27:23	2.3800	1	b
19-01-2026 16:27:22	2.3800	0.1	b
19-01-2026 16:27:21	2.3800	2.1	b
19-01-2026 16:27:21	2.3900	0.2	s
19-01-2026 16:27:11	2.3800	1.4	b
19-01-2026 16:27:11	2.3900	0.1	s
19-01-2026 16:27:08	2.3900	1.6	s
19-01-2026 16:27:08	2.3800	0.8	b
19-01-2026 16:27:01	2.3900	2.8	s
19-01-2026 16:26:58	2.3800	2.2	b
19-01-2026 16:26:53	2.3800	0.8	b
19-01-2026 16:26:51	2.3800	0.1	b
19-01-2026 16:26:41	2.3800	3.5	b
19-01-2026 16:26:21	2.3800	2.4	b
19-01-2026 16:25:58	2.3800	2.3	b
19-01-2026 16:25:55	2.3900	1.5	s
19-01-2026 16:25:54	2.3900	0.4	s
19-01-2026 16:25:47	2.3800	3.5	b
19-01-2026 16:25:36	2.3900	0.6	s
19-01-2026 16:25:28	2.3900	1.8	s
19-01-2026 16:25:28	2.3800	2.4	b
19-01-2026 16:25:22	2.3800	6.1	b
19-01-2026 16:25:18	2.3800	0.1	b
19-01-2026 16:25:01	2.3800	2.1	b
19-01-2026 16:24:45	2.3900	0.1	s
19-01-2026 16:24:41	2.3800	2.1	b
19-01-2026 16:24:40	2.3800	1.7	b
19-01-2026 16:24:32	2.3800	0.1	b
19-01-2026 16:24:32	2.3800	3.7	b
19-01-2026 16:24:29	2.3800	1.2	b
19-01-2026 16:24:19	2.3800	2.2	b
19-01-2026 16:24:13	2.3800	0.9	b
19-01-2026 16:23:51	2.3800	2.2	b
19-01-2026 16:23:48	2.3900	2.3	s
19-01-2026 16:23:46	2.3900	0.1	s
19-01-2026 16:23:45	2.3900	2.3	s
19-01-2026 16:23:38	2.3800	10.3	b
19-01-2026 16:23:28	2.3800	2	b
19-01-2026 16:23:28	2.3800	2.3	b
19-01-2026 16:23:01	2.3800	2.8	b
19-01-2026 16:23:01	2.3800	2.3	b
19-01-2026 16:23:01	2.3800	0.3	b
19-01-2026 16:22:43	2.3900	0.1	s
19-01-2026 16:22:41	2.3800	2	b
19-01-2026 16:22:23	2.3900	1.4	s
19-01-2026 16:22:21	2.3800	2.3	b
19-01-2026 16:22:18	2.3900	0.4	s
19-01-2026 16:21:58	2.3800	2.3	b
19-01-2026 16:21:46	2.3800	0.1	b
19-01-2026 16:21:29	2.3800	2.4	b
19-01-2026 16:21:26	2.3800	0.5	b
19-01-2026 16:21:09	2.3900	1.5	s
19-01-2026 16:21:09	2.3900	0.2	s
19-01-2026 16:21:02	2.3800	2.3	b
19-01-2026 16:21:02	2.3900	0.4	s
19-01-2026 16:20:56	2.3900	0.6	s
19-01-2026 16:20:55	2.3800	0.1	b
19-01-2026 16:20:43	2.3800	2	b
19-01-2026 16:20:41	2.3800	2.3	b
19-01-2026 16:20:36	2.3800	1	b
19-01-2026 16:20:21	2.3800	4.8	b
19-01-2026 16:20:19	2.3800	2.3	b
19-01-2026 16:20:17	2.3900	0.1	s
19-01-2026 16:20:16	2.3800	2.5	b
19-01-2026 16:20:11	2.3800	0.1	b
19-01-2026 16:19:49	2.3800	2.3	b
19-01-2026 16:19:48	2.3900	0.1	s
19-01-2026 16:19:45	2.3900	1.9	s
19-01-2026 16:19:45	2.3900	0.6	s
19-01-2026 16:19:39	2.3800	7.1	b
19-01-2026 16:19:36	2.3800	10.4	b
19-01-2026 16:19:24	2.3800	1.4	b
19-01-2026 16:19:21	2.3800	2.4	b
19-01-2026 16:19:21	2.3900	0.1	s
19-01-2026 16:19:18	2.3900	2.2	s
19-01-2026 16:19:18	2.3900	1.3	s
19-01-2026 16:19:00	2.3800	2.2	b
19-01-2026 16:18:58	2.3900	1.9	s
19-01-2026 16:18:53	2.3900	15	s
19-01-2026 16:18:46	2.3800	0.1	b
19-01-2026 16:18:43	2.3900	0.4	s
19-01-2026 16:18:30	2.3800	3.1	b
19-01-2026 16:18:30	2.3800	2.1	b
19-01-2026 16:18:02	2.3800	2.4	b
19-01-2026 16:18:00	2.3900	0.6	s
19-01-2026 16:17:35	2.3800	2.1	b
19-01-2026 16:17:25	2.3900	0.5	s
19-01-2026 16:17:13	2.3900	0.2	s
19-01-2026 16:17:10	2.3900	2.3	s
19-01-2026 16:17:08	2.3900	0.4	s
19-01-2026 16:17:06	2.3800	2.2	b
19-01-2026 16:17:05	2.3900	15	s
19-01-2026 16:16:42	2.3800	0.1	b
19-01-2026 16:16:41	2.3800	2.4	b
19-01-2026 16:16:30	2.3900	1.2	s
19-01-2026 16:16:26	2.3800	2	b
19-01-2026 16:16:15	2.3800	2	b
19-01-2026 16:16:00	2.3900	0.6	s
19-01-2026 16:15:57	2.3900	2.3	s
19-01-2026 16:15:41	2.3900	0.4	s
19-01-2026 16:15:39	2.3800	0.5	b
19-01-2026 16:15:33	2.3800	2	b
19-01-2026 16:15:25	2.3800	3.2	b
19-01-2026 16:14:49	2.3900	1.1	s
19-01-2026 16:14:46	2.3900	0.4	s
19-01-2026 16:14:44	2.3800	4.6	b
19-01-2026 16:14:42	2.3900	0.6	s
19-01-2026 16:14:39	2.3800	2.3	b
19-01-2026 16:14:20	2.3800	3.1	b
19-01-2026 16:14:15	2.3800	0.5	b
19-01-2026 16:14:15	2.3900	0.9	s
19-01-2026 16:14:10	2.3800	0.1	b
19-01-2026 16:13:57	2.3900	0.3	s
19-01-2026 16:13:46	2.3800	2.3	b
19-01-2026 16:13:39	2.3800	0.4	b
19-01-2026 16:13:25	2.3800	0.1	b
19-01-2026 16:13:16	2.3900	1.4	s
19-01-2026 16:13:02	2.3800	1.6	b
19-01-2026 16:12:58	2.3800	2.2	b
19-01-2026 16:12:55	2.3900	0.4	s
19-01-2026 16:12:44	2.3900	0.3	s
19-01-2026 16:12:43	2.3800	0.1	b
19-01-2026 16:12:32	2.3900	1.6	s
19-01-2026 16:12:25	2.3800	2.6	b
19-01-2026 16:12:21	2.3900	2.6	s
19-01-2026 16:12:08	2.3800	2.4	b
19-01-2026 16:11:31	2.3900	0.6	s
19-01-2026 16:11:23	2.3800	2.2	b
19-01-2026 16:11:23	2.3800	2.4	b
19-01-2026 16:11:19	2.3800	1	b
19-01-2026 16:11:01	2.3900	0.7	s
19-01-2026 16:10:36	2.3800	2.4	b
19-01-2026 16:10:25	2.3900	6	s
19-01-2026 16:10:16	2.3800	58.5	b
19-01-2026 16:10:16	2.3800	3.3	b
19-01-2026 16:10:11	2.3900	1.2	s
19-01-2026 16:10:04	2.3900	0.6	s
19-01-2026 16:09:55	2.3800	2.2	b
19-01-2026 16:09:50	2.3900	1.3	s
19-01-2026 16:09:45	2.3900	0.6	s
19-01-2026 16:09:37	2.3800	0.4	b
19-01-2026 16:09:37	2.3800	4.2	b
19-01-2026 16:09:25	2.3800	0.8	b
19-01-2026 16:09:17	2.3800	2.1	b
19-01-2026 16:09:06	2.3800	0.7	b
19-01-2026 16:09:04	2.3900	2.8	s
19-01-2026 16:08:36	2.3800	2.3	b
19-01-2026 16:08:29	2.3900	0.4	s
19-01-2026 16:08:13	2.3900	0.1	s
19-01-2026 16:08:13	2.3900	0.2	s
19-01-2026 16:08:06	2.3900	1.5	s
19-01-2026 16:07:59	2.3800	1.1	b
19-01-2026 16:07:59	2.3800	2.1	b
19-01-2026 16:07:43	2.3900	1	s
19-01-2026 16:07:39	2.3800	4.8	b
19-01-2026 16:07:36	2.3800	7.6	b
19-01-2026 16:07:31	2.3900	0.2	s
19-01-2026 16:07:29	2.3900	1.4	s
19-01-2026 16:07:27	2.3800	2.1	b
19-01-2026 16:07:22	2.3800	2.2	b
19-01-2026 16:07:07	2.3900	1.3	s
19-01-2026 16:06:53	2.3900	0.6	s
19-01-2026 16:06:50	2.3900	2.1	s
19-01-2026 16:06:43	2.3800	1.7	b
19-01-2026 16:06:40	2.3800	2.4	b
19-01-2026 16:06:20	2.3900	0.4	s
19-01-2026 16:06:16	2.3900	0.4	s
19-01-2026 16:06:05	2.3800	0.1	b
19-01-2026 16:05:36	2.3800	1.2	b
19-01-2026 16:05:20	2.3800	2	b
19-01-2026 16:05:17	2.3900	1.4	s
19-01-2026 16:05:11	2.3800	2.1	b
19-01-2026 16:04:56	2.3900	2	s
19-01-2026 16:04:42	2.3900	0.6	s
19-01-2026 16:04:37	2.3800	4.3	b
19-01-2026 16:04:25	2.3800	0.4	b
19-01-2026 16:04:21	2.3900	1.2	s
19-01-2026 16:04:18	2.3900	2.4	s
19-01-2026 16:03:50	2.3900	0.4	s
19-01-2026 16:03:48	2.3900	0.6	s
19-01-2026 16:03:28	2.3800	2.2	b
19-01-2026 16:03:21	2.3900	5.2	s
19-01-2026 16:03:14	2.3900	45.4	s
19-01-2026 16:02:58	2.3900	2	s
19-01-2026 16:02:53	2.3800	4.5	b
19-01-2026 16:02:53	2.3900	0.8	s
19-01-2026 16:02:32	2.3800	0.1	b
19-01-2026 16:02:24	2.3800	1.3	b
19-01-2026 16:01:55	2.3900	2.2	s
19-01-2026 16:01:53	2.3800	0.4	b
19-01-2026 16:01:48	2.3900	1.6	s
19-01-2026 16:01:39	2.3800	7.5	b
19-01-2026 16:01:37	2.3900	0.4	s
19-01-2026 16:01:36	2.3900	1	s
19-01-2026 16:01:34	2.3800	0.1	b
19-01-2026 16:01:20	2.3900	0.1	s
19-01-2026 16:01:17	2.3900	1.2	s
19-01-2026 16:00:57	2.3900	0.3	s
19-01-2026 16:00:42	2.3900	0.3	s
19-01-2026 16:00:28	2.3900	0.6	s
19-01-2026 16:00:28	2.3800	0.1	b
19-01-2026 16:00:23	2.3900	0.3	s
19-01-2026 16:00:23	2.3800	2.5	b
19-01-2026 16:00:06	2.3800	2.4	b
19-01-2026 16:00:01	2.3900	0.3	s
19-01-2026 16:00:00	2.3900	0.4	s
19-01-2026 16:00:00	2.3800	0.3	b
19-01-2026 15:59:52	2.3900	0.1	s
19-01-2026 15:59:49	2.3900	2.5	s
19-01-2026 15:59:47	2.3900	0.3	s
19-01-2026 15:59:44	2.3800	7	b
19-01-2026 15:59:44	2.3800	8.3	b
19-01-2026 15:59:35	2.3900	2.2	s
19-01-2026 15:59:33	2.3900	0.3	s
19-01-2026 15:59:26	2.3800	2.2	b
19-01-2026 15:59:19	2.3900	0.3	s
19-01-2026 15:59:07	2.3900	0.3	s
19-01-2026 15:58:54	2.3900	0.4	s
19-01-2026 15:58:50	2.3900	0.3	s
19-01-2026 15:58:41	2.3900	1.1	s
19-01-2026 15:58:36	2.3900	0.3	s
19-01-2026 15:58:22	2.3900	0.3	s
19-01-2026 15:58:17	2.3900	1.8	s
19-01-2026 15:58:11	2.3800	7.4	b
19-01-2026 15:58:08	2.3900	0.3	s
19-01-2026 15:58:05	2.3900	0.1	s
19-01-2026 15:58:01	2.3800	2.5	b
19-01-2026 15:57:53	2.3900	0.3	s
19-01-2026 15:57:38	2.3900	0.3	s
19-01-2026 15:57:25	2.3900	0.3	s
19-01-2026 15:57:24	2.3900	0.6	s
19-01-2026 15:57:11	2.3900	0.3	s
19-01-2026 15:57:09	2.3900	2.1	s
19-01-2026 15:57:07	2.3900	0.6	s
19-01-2026 15:56:56	2.3900	0.3	s
19-01-2026 15:56:42	2.3900	0.3	s
19-01-2026 15:56:38	2.3900	1.3	s
19-01-2026 15:56:36	2.3900	0.4	s
19-01-2026 15:56:33	2.3900	3.3	s
19-01-2026 15:56:28	2.3900	0.3	s
19-01-2026 15:56:14	2.3900	0.3	s
19-01-2026 15:56:10	2.3800	0.1	b
19-01-2026 15:56:01	2.3900	0.3	s
19-01-2026 15:55:52	2.3900	1.2	s
19-01-2026 15:55:48	2.3900	0.3	s
19-01-2026 15:55:32	2.3900	0.3	s
19-01-2026 15:55:23	2.3800	1.6	b
19-01-2026 15:55:18	2.3800	0.4	b
19-01-2026 15:55:18	2.3900	0.3	s
19-01-2026 15:55:10	2.3800	2.5	b
19-01-2026 15:55:02	2.3900	0.3	s
19-01-2026 15:54:48	2.3900	1.9	s
19-01-2026 15:54:45	2.3800	5.6	b
19-01-2026 15:54:43	2.3800	8.8	b
19-01-2026 15:54:40	2.3900	0.3	s
19-01-2026 15:54:23	2.3900	0.3	s
19-01-2026 15:54:11	2.3800	1.7	b
19-01-2026 15:54:07	2.3900	0.3	s
19-01-2026 15:54:02	2.3900	6.6	s
19-01-2026 15:53:57	2.3800	57	b
19-01-2026 15:53:57	2.3900	2.2	s
19-01-2026 15:53:54	2.3900	1.2	s
19-01-2026 15:53:50	2.3900	0.3	s
19-01-2026 15:53:36	2.3800	0.4	b
19-01-2026 15:53:36	2.3900	0.4	s
19-01-2026 15:53:34	2.3900	0.3	s
19-01-2026 15:53:22	2.3900	0.6	s
19-01-2026 15:53:05	2.3900	1.2	s
19-01-2026 15:52:45	2.3800	1.8	b
19-01-2026 15:52:43	2.3800	0.5	b
19-01-2026 15:52:27	2.3900	0.1	s
19-01-2026 15:52:25	2.3800	3.2	b
19-01-2026 15:52:21	2.3900	0.4	s
19-01-2026 15:52:10	2.3800	1.3	b
19-01-2026 15:51:58	2.3900	1.4	s
19-01-2026 15:51:51	2.3800	2.1	b
19-01-2026 15:51:50	2.3800	1.7	b
19-01-2026 15:51:47	2.3800	0.9	b
19-01-2026 15:51:35	2.3800	1.7	b
19-01-2026 15:51:06	2.3900	1.5	s
19-01-2026 15:51:00	2.3800	0.8	b
19-01-2026 15:50:52	2.3900	2.4	s
19-01-2026 15:50:44	2.3900	1	s
19-01-2026 15:50:30	2.3900	3.8	s
19-01-2026 15:50:27	2.3900	0.4	s
19-01-2026 15:50:24	2.3900	27	s
19-01-2026 15:50:22	2.3800	3	b
19-01-2026 15:50:19	2.3800	2.3	b
19-01-2026 15:50:16	2.3800	0.1	b
19-01-2026 15:50:07	2.3800	0.2	b
19-01-2026 15:50:07	2.3800	1.5	b
19-01-2026 15:50:01	2.3900	2.2	s
19-01-2026 15:49:53	2.3900	9.7	s
19-01-2026 15:49:52	2.3800	2.6	b
19-01-2026 15:49:41	2.3800	4.1	b
19-01-2026 15:49:39	2.3800	2	b
19-01-2026 15:49:24	2.3900	0.9	s
19-01-2026 15:49:12	2.3900	0.6	s
19-01-2026 15:49:05	2.3900	1.2	s
19-01-2026 15:49:01	2.3800	1.1	b
19-01-2026 15:48:50	2.3900	1	s
19-01-2026 15:48:41	2.3800	1.3	b
19-01-2026 15:48:40	2.3800	0.9	b
19-01-2026 15:48:40	2.3800	1.8	b
19-01-2026 15:48:23	2.3900	2.3	s
19-01-2026 15:48:22	2.3900	0.1	s
19-01-2026 15:48:03	2.3900	0.4	s
19-01-2026 15:47:54	2.3900	1.1	s
19-01-2026 15:47:29	2.3900	1.2	s
19-01-2026 15:47:21	2.3800	4.6	b
19-01-2026 15:47:17	2.3800	1.9	b
19-01-2026 15:47:12	2.3800	1.9	b
19-01-2026 15:46:56	2.3900	1	s
19-01-2026 15:46:51	2.3800	1.4	b
19-01-2026 15:46:49	2.3900	2.1	s
19-01-2026 15:46:48	2.3900	0.5	s
19-01-2026 15:46:45	2.3900	0.7	s
19-01-2026 15:46:43	2.3800	9.5	b
19-01-2026 15:46:43	2.3800	0.2	b
19-01-2026 15:46:20	2.3800	1.3	b
19-01-2026 15:46:03	2.3900	0.4	s
19-01-2026 15:46:00	2.3800	2	b
19-01-2026 15:45:59	2.3800	1.4	b
19-01-2026 15:45:59	2.3900	2.4	s
19-01-2026 15:45:54	2.3800	0.8	b
19-01-2026 15:45:28	2.3900	1.1	s
19-01-2026 15:45:23	2.3800	4.6	b
19-01-2026 15:45:21	2.3900	0.4	s
19-01-2026 15:45:19	2.3900	1.1	s
19-01-2026 15:45:12	2.3900	0.6	s
19-01-2026 15:44:55	2.3800	2.4	b
19-01-2026 15:44:48	2.3900	1.1	s
19-01-2026 15:44:43	2.3900	0.5	s
19-01-2026 15:44:43	2.3800	2.5	b
19-01-2026 15:44:41	2.3800	2	b
19-01-2026 15:43:58	2.3900	2	s
19-01-2026 15:43:23	2.3800	2.2	b
19-01-2026 15:43:04	2.3900	0.1	s
19-01-2026 15:42:47	2.3900	1	s
19-01-2026 15:42:39	2.3900	0.1	s
19-01-2026 15:42:36	2.3900	0.9	s
19-01-2026 15:42:34	2.3800	7.5	b
19-01-2026 15:42:22	2.3900	1	s
19-01-2026 15:42:17	2.3800	4.3	b
19-01-2026 15:42:09	2.3800	0.9	b
19-01-2026 15:42:02	2.3800	2.1	b
19-01-2026 15:41:51	2.3900	0.6	s
19-01-2026 15:41:45	2.3800	0.9	b
19-01-2026 15:41:30	2.3800	0.2	b
19-01-2026 15:40:56	2.3900	0.9	s
19-01-2026 15:40:47	2.3900	2.3	s
19-01-2026 15:40:27	2.3900	1	s
19-01-2026 15:40:26	2.3800	0.1	b
19-01-2026 15:40:24	2.3800	3.4	b
19-01-2026 15:40:04	2.3900	0.1	s
19-01-2026 15:39:56	2.3800	0.1	b
19-01-2026 15:39:44	2.3800	4.8	b
19-01-2026 15:39:08	2.3900	0.1	s
19-01-2026 15:39:01	2.3900	0.4	s
19-01-2026 15:38:46	2.3900	0.6	s
19-01-2026 15:38:41	2.3900	0.5	s
19-01-2026 15:38:39	2.3900	9.5	s
19-01-2026 15:38:37	2.3900	0.7	s
19-01-2026 15:38:36	2.3900	0.1	s
19-01-2026 15:38:31	2.3900	2.4	s
19-01-2026 15:38:31	2.3900	141.1	s
19-01-2026 15:38:27	2.3900	1	s
19-01-2026 15:38:17	2.3900	1	s
19-01-2026 15:37:55	2.3900	0.1	s
19-01-2026 15:37:46	2.3900	0.1	s
19-01-2026 15:37:18	2.3900	0.4	s
19-01-2026 15:37:13	2.3800	0.9	b
19-01-2026 15:37:10	2.3800	0.2	b
19-01-2026 15:36:46	2.3900	0.1	s
19-01-2026 15:36:41	2.3800	0.8	b
19-01-2026 15:36:29	2.3900	0.5	s
19-01-2026 15:36:20	2.3800	2.1	b
19-01-2026 15:36:18	2.3900	1.1	s
19-01-2026 15:36:09	2.3800	1.4	b
19-01-2026 15:35:46	2.3900	0.1	s
19-01-2026 15:35:43	2.3900	1.2	s
19-01-2026 15:35:41	2.3900	0.6	s
19-01-2026 15:35:29	2.3900	3.1	s
19-01-2026 15:35:21	2.3800	3.5	b
19-01-2026 15:34:54	2.3800	0.2	b
19-01-2026 15:34:36	2.3800	5	b
19-01-2026 15:34:35	2.3800	0.3	b
19-01-2026 15:34:23	2.3900	2.1	s
19-01-2026 15:34:07	2.3900	0.1	s
19-01-2026 15:33:14	2.3900	1.9	s
19-01-2026 15:33:08	2.3800	5.7	b
19-01-2026 15:33:06	2.3800	20	b
19-01-2026 15:32:55	2.3900	1.1	s
19-01-2026 15:32:34	2.3800	0.6	b
19-01-2026 15:32:09	2.3900	1.3	s
19-01-2026 15:31:34	2.3800	0.8	b
19-01-2026 15:31:00	2.3900	0.8	s
19-01-2026 15:30:50	2.3900	0.1	s
19-01-2026 15:30:46	2.3900	1.9	s
19-01-2026 15:30:43	2.3900	0.2	s
19-01-2026 15:30:42	2.3900	23	s
19-01-2026 15:30:40	2.3800	0.3	b
19-01-2026 15:30:35	2.3900	3.1	s
19-01-2026 15:30:22	2.3800	2	b
19-01-2026 15:30:13	2.3900	0.2	s
19-01-2026 15:29:41	2.3800	2.7	b
19-01-2026 15:29:33	2.3900	0.2	s
19-01-2026 15:29:02	2.3900	0.1	s
19-01-2026 15:28:59	2.3900	13.5	s
19-01-2026 15:28:58	2.3900	0.1	s
19-01-2026 15:28:54	2.3900	0.6	s
19-01-2026 15:28:54	2.3800	0.1	b
19-01-2026 15:28:54	2.3800	201.3	b
19-01-2026 15:28:52	2.3800	2.2	b
19-01-2026 15:28:45	2.3800	0.8	b
19-01-2026 15:28:38	2.3900	0.4	s
19-01-2026 15:28:27	2.3900	1	s
19-01-2026 15:28:18	2.3800	3.7	b
19-01-2026 15:28:07	2.3900	0.2	s
19-01-2026 15:27:48	2.3800	3.4	b
19-01-2026 15:27:47	2.3900	1	s
19-01-2026 15:27:11	2.3900	0.2	s
19-01-2026 15:27:04	2.3900	1.8	s
19-01-2026 15:27:00	2.3900	0.1	s
19-01-2026 15:26:58	2.3900	2.4	s
19-01-2026 15:26:55	2.3900	25	s
19-01-2026 15:26:31	2.3900	0.2	s
19-01-2026 15:26:07	2.3900	1.1	s
19-01-2026 15:26:06	2.3900	1.1	s
19-01-2026 15:26:02	2.3800	2.4	b
19-01-2026 15:25:35	2.3900	0.2	s
19-01-2026 15:25:27	2.3900	0.2	s
19-01-2026 15:25:22	2.3800	2.7	b
19-01-2026 15:25:19	2.3800	1.6	b
19-01-2026 15:24:55	2.3900	0.2	s
19-01-2026 15:24:42	2.3800	4.2	b
19-01-2026 15:23:58	2.3900	0.6	s
19-01-2026 15:23:33	2.3900	1.2	s
19-01-2026 15:23:25	2.3900	2.3	s
19-01-2026 15:22:45	2.3800	0.4	b
19-01-2026 15:21:54	2.3900	1	s
19-01-2026 15:21:26	2.3900	1.4	s
19-01-2026 15:21:19	2.3800	5.3	b
19-01-2026 15:20:56	2.3900	1.2	s
19-01-2026 15:20:53	2.3800	3.3	b
19-01-2026 15:20:39	2.3900	0.2	s
19-01-2026 15:20:21	2.3800	1.3	b
19-01-2026 15:20:11	2.3900	0.2	s
19-01-2026 15:19:49	2.3900	0.4	s
19-01-2026 15:19:48	2.3900	0.2	s
19-01-2026 15:19:46	2.3900	2.4	s
19-01-2026 15:19:40	2.3900	0.6	s
19-01-2026 15:19:37	2.3800	1.4	b
19-01-2026 15:19:33	2.3900	0.2	s
19-01-2026 15:19:17	2.3900	0.2	s
19-01-2026 15:19:01	2.3900	0.2	s
19-01-2026 15:18:46	2.3900	0.2	s
19-01-2026 15:18:43	2.3800	3.9	b
19-01-2026 15:18:37	2.3900	1.8	s
19-01-2026 15:18:31	2.3800	6.2	b
19-01-2026 15:18:30	2.3900	0.2	s
19-01-2026 15:18:14	2.3900	0.2	s
19-01-2026 15:18:07	2.3800	0.1	b
19-01-2026 15:17:58	2.3900	0.2	s
19-01-2026 15:17:52	2.3900	1.4	s
19-01-2026 15:17:44	2.3900	0.2	s
19-01-2026 15:17:41	2.3900	3.5	s
19-01-2026 15:17:34	2.3800	3.1	b
19-01-2026 15:17:33	2.3800	0.9	b
19-01-2026 15:17:32	2.3900	13.4	s
19-01-2026 15:17:31	2.3900	0.2	s
19-01-2026 15:17:31	2.3900	0.1	s
19-01-2026 15:17:15	2.3900	0.2	s
19-01-2026 15:17:05	2.3900	1.7	s
19-01-2026 15:17:01	2.3800	6.7	b
19-01-2026 15:16:59	2.3900	0.2	s
19-01-2026 15:16:55	2.3900	0.4	s
19-01-2026 15:16:43	2.3900	0.2	s
19-01-2026 15:16:34	2.3900	6	s
19-01-2026 15:16:27	2.3900	0.2	s
19-01-2026 15:16:19	2.3800	2.4	b
19-01-2026 15:16:14	2.3900	3	s
19-01-2026 15:16:12	2.3900	0.2	s
19-01-2026 15:16:10	2.3800	2.9	b
19-01-2026 15:15:58	2.3900	2.8	s
19-01-2026 15:15:56	2.3900	0.2	s
19-01-2026 15:15:40	2.3900	0.2	s
19-01-2026 15:15:31	2.3900	0.6	s
19-01-2026 15:15:24	2.3900	1.6	s
19-01-2026 15:15:24	2.3900	0.2	s
19-01-2026 15:15:18	2.3800	3	b
19-01-2026 15:15:08	2.3900	0.2	s
19-01-2026 15:14:55	2.3900	0.2	s
19-01-2026 15:14:45	2.3900	0.2	s
19-01-2026 15:14:44	2.3800	1.1	b
19-01-2026 15:14:35	2.3900	0.2	s
19-01-2026 15:14:34	2.3900	1.4	s
19-01-2026 15:14:24	2.3900	0.2	s
19-01-2026 15:14:14	2.3900	0.2	s
19-01-2026 15:14:04	2.3900	0.2	s
19-01-2026 15:13:55	2.3800	5.4	b
19-01-2026 15:13:54	2.3900	0.2	s
19-01-2026 15:13:50	2.3900	0.4	s
19-01-2026 15:13:44	2.3900	0.2	s
19-01-2026 15:13:34	2.3900	0.2	s
19-01-2026 15:13:31	2.3800	4	b
19-01-2026 15:13:23	2.3900	0.2	s
19-01-2026 15:13:18	2.3900	0.1	s
19-01-2026 15:13:13	2.3900	0.2	s
19-01-2026 15:13:03	2.3900	0.2	s
19-01-2026 15:12:57	2.3800	4.4	b
19-01-2026 15:12:53	2.3900	0.2	s
19-01-2026 15:12:45	2.3800	0.7	b
19-01-2026 15:12:42	2.3900	0.2	s
19-01-2026 15:12:32	2.3800	0.8	b
19-01-2026 15:12:32	2.3900	0.2	s
19-01-2026 15:12:22	2.3900	0.2	s
19-01-2026 15:12:11	2.3900	0.6	s
19-01-2026 15:12:00	2.3900	2.4	s
19-01-2026 15:11:53	2.3800	13.1	b
19-01-2026 15:11:52	2.3900	2.8	s
19-01-2026 15:11:50	2.3800	4.7	b
19-01-2026 15:11:50	2.3900	0.4	s
19-01-2026 15:11:20	2.3900	1.4	s
19-01-2026 15:10:51	2.3800	0.3	b
19-01-2026 15:10:47	2.3900	0.9	s
19-01-2026 15:10:25	2.3800	4.1	b
19-01-2026 15:10:19	2.3900	2.2	s
19-01-2026 15:10:16	2.3900	14.5	s
19-01-2026 15:10:13	2.3900	0.6	s
19-01-2026 15:10:05	2.3900	0.4	s
19-01-2026 15:09:47	2.3900	1.8	s
19-01-2026 15:09:47	2.3900	5.1	s
19-01-2026 15:09:40	2.3800	64.7	b
19-01-2026 15:09:40	2.3800	5.6	b
19-01-2026 15:09:38	2.3800	2.4	b
19-01-2026 15:09:22	2.3900	0.1	s
19-01-2026 15:09:19	2.3800	0.8	b
19-01-2026 15:09:00	2.3900	2	s
19-01-2026 15:08:51	2.3800	10	b
19-01-2026 15:08:46	2.3800	3.4	b
19-01-2026 15:08:38	2.3800	8.6	b
19-01-2026 15:08:25	2.3900	0.4	s
19-01-2026 15:08:17	2.3900	0.6	s
19-01-2026 15:08:03	2.3900	1.3	s
19-01-2026 15:08:00	2.3800	3.1	b
19-01-2026 15:07:46	2.3900	1.7	s
19-01-2026 15:07:43	2.3800	10.4	b
19-01-2026 15:07:42	2.3800	1.1	b
19-01-2026 15:07:33	2.3800	0.7	b
19-01-2026 15:07:33	2.3900	0.1	s
19-01-2026 15:07:22	2.3800	2.3	b
19-01-2026 15:07:19	2.3800	3.9	b
19-01-2026 15:07:16	2.3800	0.8	b
19-01-2026 15:07:04	2.3800	0.1	b
19-01-2026 15:07:04	2.3900	0.4	s
19-01-2026 15:06:57	2.3900	0.1	s
19-01-2026 15:06:55	2.3800	1.3	b
19-01-2026 15:06:28	2.3800	0.8	b
19-01-2026 15:06:23	2.3900	0.6	s
19-01-2026 15:05:48	2.3800	11.2	b
19-01-2026 15:05:43	2.3900	1.1	s
19-01-2026 15:05:39	2.3900	0.4	s
19-01-2026 15:05:34	2.3800	5.5	b
19-01-2026 15:05:22	2.3800	2.3	b
19-01-2026 15:05:14	2.3900	3	s
19-01-2026 15:05:02	2.3900	0.9	s
19-01-2026 15:04:48	2.3800	0.8	b
19-01-2026 15:04:44	2.3800	3.2	b
19-01-2026 15:04:10	2.3900	0.6	s
19-01-2026 15:04:06	2.3900	0.3	s
19-01-2026 15:04:04	2.3900	1.4	s
19-01-2026 15:04:03	2.3800	3.2	b
19-01-2026 15:04:03	2.3900	0.6	s
19-01-2026 15:03:57	2.3900	7.8	s
19-01-2026 15:03:31	2.3800	5.6	b
19-01-2026 15:03:27	2.3800	5.1	b
19-01-2026 15:03:27	2.3900	0.4	s
19-01-2026 15:03:15	2.3800	0.6	b
19-01-2026 15:03:11	2.3900	0.8	s
19-01-2026 15:02:39	2.3900	0.1	s
19-01-2026 15:02:32	2.3900	1.1	s
19-01-2026 15:02:30	2.3800	7.7	b
19-01-2026 15:02:26	2.3800	9.8	b
19-01-2026 15:02:25	2.3900	2.3	s
19-01-2026 15:02:18	2.3900	25	s
19-01-2026 15:02:13	2.3900	2.4	s
19-01-2026 15:01:07	2.3900	0.4	s
19-01-2026 15:01:04	2.3900	1.1	s
19-01-2026 15:01:03	2.3800	4.2	b
19-01-2026 15:00:40	2.3900	0.6	s
19-01-2026 15:00:26	2.3900	0.6	s
19-01-2026 15:00:23	2.3900	0.1	s
19-01-2026 15:00:20	2.3900	1.2	s
19-01-2026 15:00:18	2.3800	0.9	b
19-01-2026 15:00:17	2.3800	0.8	b
19-01-2026 15:00:07	2.3800	2.8	b
19-01-2026 15:00:03	2.3800	0.6	b
19-01-2026 14:59:48	2.3900	0.1	s
19-01-2026 14:59:47	2.3800	7.7	b
19-01-2026 14:59:45	2.3900	0.2	s
19-01-2026 14:59:43	2.3800	2.2	b
19-01-2026 14:59:35	2.3800	1.5	b
19-01-2026 14:59:29	2.3800	0.1	b
19-01-2026 14:59:28	2.3800	0.1	b
19-01-2026 14:59:27	2.3900	0.1	s
19-01-2026 14:59:23	2.3900	1.3	s
19-01-2026 14:59:21	2.3800	1.3	b
19-01-2026 14:59:18	2.3900	2.3	s
19-01-2026 14:59:14	2.3800	0.4	b
19-01-2026 14:58:41	2.3900	1	s
19-01-2026 14:58:35	2.3800	2.3	b
19-01-2026 14:58:27	2.3900	0.4	s
19-01-2026 14:58:26	2.3800	3.2	b
19-01-2026 14:58:15	2.3900	0.2	s
19-01-2026 14:58:11	2.3800	5.1	b
19-01-2026 14:58:09	2.3800	2.2	b
19-01-2026 14:58:05	2.3900	1.2	s
19-01-2026 14:58:01	2.3800	3	b
19-01-2026 14:57:39	2.3800	6.4	b
19-01-2026 14:57:27	2.3800	4.2	b
19-01-2026 14:57:06	2.3900	0.7	s
19-01-2026 14:57:05	2.3900	0.2	s
19-01-2026 14:56:58	2.3900	0.6	s
19-01-2026 14:56:27	2.3900	0.4	s
19-01-2026 14:56:10	2.3900	1.1	s
19-01-2026 14:56:05	2.3900	1	s
19-01-2026 14:56:01	2.3800	1.3	b
19-01-2026 14:55:55	2.3900	0.2	s
19-01-2026 14:55:54	2.3900	2.8	s
19-01-2026 14:55:33	2.3900	0.6	s
19-01-2026 14:55:25	2.3900	0.1	s
19-01-2026 14:55:21	2.3800	1	b
19-01-2026 14:54:52	2.3800	6.4	b
19-01-2026 14:54:51	2.3800	1	b
19-01-2026 14:54:44	2.3900	0.1	s
19-01-2026 14:54:40	2.3900	0.8	s
19-01-2026 14:54:40	2.3800	2	b
19-01-2026 14:54:38	2.3900	0.2	s
19-01-2026 14:54:35	2.3900	0.2	s
19-01-2026 14:54:32	2.3800	9.3	b
19-01-2026 14:54:21	2.3800	0.1	b
19-01-2026 14:54:07	2.3900	0.4	s
19-01-2026 14:54:01	2.3900	0.9	s
19-01-2026 14:53:55	2.3800	4.4	b
19-01-2026 14:53:46	2.3900	0.6	s
19-01-2026 14:53:43	2.3900	0.8	s
19-01-2026 14:53:30	2.3800	0.5	b
19-01-2026 14:53:26	2.3900	1	s
19-01-2026 14:53:18	2.3900	2	s
19-01-2026 14:53:15	2.3900	0.2	s
19-01-2026 14:52:44	2.3800	2	b
19-01-2026 14:52:10	2.3900	0.9	s
19-01-2026 14:52:02	2.3800	0.1	b
19-01-2026 14:52:02	2.3800	6.6	b
19-01-2026 14:51:58	2.3800	3.5	b
19-01-2026 14:51:54	2.3900	0.2	s
19-01-2026 14:51:54	2.3900	0.8	s
19-01-2026 14:51:27	2.3800	1	b
19-01-2026 14:51:27	2.3900	0.4	s
19-01-2026 14:51:07	2.3900	0.1	s
19-01-2026 14:50:59	2.3900	0.8	s
19-01-2026 14:50:55	2.3900	1.4	s
19-01-2026 14:50:45	2.3800	0.1	b
19-01-2026 14:50:34	2.3900	0.2	s
19-01-2026 14:50:25	2.3800	2.9	b
19-01-2026 14:50:18	2.3800	0.3	b
19-01-2026 14:50:11	2.3900	2.2	s
19-01-2026 14:49:57	2.3900	0.8	s
19-01-2026 14:49:54	2.3800	3	b
19-01-2026 14:49:32	2.3900	0.9	s
19-01-2026 14:49:27	2.3900	10	s
19-01-2026 14:49:24	2.3900	0.2	s
19-01-2026 14:49:10	2.3900	0.6	s
19-01-2026 14:48:15	2.3900	1.3	s
19-01-2026 14:48:10	2.3800	3.3	b
19-01-2026 14:48:10	2.3800	10.9	b
19-01-2026 14:48:06	2.3900	0.7	s
19-01-2026 14:48:04	2.3900	0.2	s
19-01-2026 14:48:03	2.3900	0.1	s
19-01-2026 14:47:57	2.3900	0.6	s
19-01-2026 14:47:48	2.3800	2.5	b
19-01-2026 14:47:20	2.3900	0.7	s
19-01-2026 14:47:16	2.3900	1.9	s
19-01-2026 14:46:44	2.3900	0.2	s
19-01-2026 14:46:43	2.3900	2.9	s
19-01-2026 14:46:42	2.3900	0.3	s
19-01-2026 14:46:27	2.3900	0.4	s
19-01-2026 14:46:27	2.3900	0.9	s
19-01-2026 14:46:26	2.3800	0.7	b
19-01-2026 14:45:24	2.3900	0.2	s
19-01-2026 14:45:23	2.3800	1.7	b
19-01-2026 14:45:13	2.3900	1.1	s
19-01-2026 14:45:07	2.3800	3.4	b
19-01-2026 14:45:05	2.3800	0.9	b
19-01-2026 14:44:57	2.3800	2.2	b
19-01-2026 14:44:40	2.3800	2.9	b
19-01-2026 14:44:23	2.3900	0.9	s
19-01-2026 14:44:17	2.3800	0.4	b
19-01-2026 14:44:03	2.3900	0.2	s
19-01-2026 14:43:54	2.3800	0.4	b
19-01-2026 14:43:40	2.3800	0.4	b
19-01-2026 14:43:33	2.3800	1.9	b
19-01-2026 14:43:33	2.3900	1.6	s
19-01-2026 14:43:29	2.3800	13.1	b
19-01-2026 14:42:54	2.3800	0.5	b
19-01-2026 14:42:52	2.3900	2.7	s
19-01-2026 14:42:43	2.3900	0.2	s
19-01-2026 14:42:35	2.3800	2.1	b
19-01-2026 14:42:28	2.3800	0.5	b
19-01-2026 14:42:13	2.3900	0.9	s
19-01-2026 14:42:06	2.3800	1.2	b
19-01-2026 14:41:59	2.3900	0.1	s
19-01-2026 14:41:57	2.3800	0.4	b
19-01-2026 14:41:50	2.3900	1.1	s
19-01-2026 14:41:44	2.3900	10	s
19-01-2026 14:41:37	2.3800	2.3	b
19-01-2026 14:41:33	2.3900	0.2	s
19-01-2026 14:41:32	2.3800	0.5	b
19-01-2026 14:41:03	2.3800	0.5	b
19-01-2026 14:40:39	2.3900	1.5	s
19-01-2026 14:40:34	2.3900	1	s
19-01-2026 14:40:30	2.3800	0.4	b
19-01-2026 14:40:28	2.3900	2	s
19-01-2026 14:40:17	2.3800	0.8	b
19-01-2026 14:40:13	2.3900	0.2	s
19-01-2026 14:40:07	2.3800	3.2	b
19-01-2026 14:40:04	2.3800	0.4	b
19-01-2026 14:39:57	2.3900	0.8	s
19-01-2026 14:39:32	2.3900	3	s
19-01-2026 14:39:26	2.3800	0.6	b
19-01-2026 14:39:23	2.3900	2	s
19-01-2026 14:39:15	2.3900	0.8	s
19-01-2026 14:39:10	2.3900	0.6	s
19-01-2026 14:38:56	2.3800	0.9	b
19-01-2026 14:38:53	2.3900	0.2	s
19-01-2026 14:38:47	2.3900	0.4	s
19-01-2026 14:38:47	2.3900	0.1	s
19-01-2026 14:38:40	2.3800	0.6	b
19-01-2026 14:38:21	2.3900	2.1	s
19-01-2026 14:38:20	2.3900	0.6	s
19-01-2026 14:38:12	2.3800	3.4	b
19-01-2026 14:38:03	2.3800	0.6	b
19-01-2026 14:38:01	2.3900	0.8	s
19-01-2026 14:38:00	2.3900	0.1	s
19-01-2026 14:37:42	2.3900	1.1	s
19-01-2026 14:37:38	2.3800	12.5	b
19-01-2026 14:37:33	2.3900	0.2	s
19-01-2026 14:37:31	2.3800	0.5	b
19-01-2026 14:37:10	2.3800	0.3	b
19-01-2026 14:37:10	2.3900	0.2	s
19-01-2026 14:37:06	2.3900	1	s
19-01-2026 14:37:04	2.3800	0.5	b
19-01-2026 14:37:03	2.3800	2.3	b
19-01-2026 14:37:02	2.3800	3.9	b
19-01-2026 14:36:53	2.3900	0.1	s
19-01-2026 14:36:47	2.3900	0.4	s
19-01-2026 14:36:31	2.3800	0.4	b
19-01-2026 14:36:30	2.3900	0.6	s
19-01-2026 14:36:22	2.3800	3	b
19-01-2026 14:36:21	2.3800	1.1	b
19-01-2026 14:36:13	2.3900	0.2	s
19-01-2026 14:36:09	2.3900	0.8	s
19-01-2026 14:36:02	2.3800	0.4	b
19-01-2026 14:35:31	2.3800	0.6	b
19-01-2026 14:35:30	2.3800	0.1	b
19-01-2026 14:35:30	2.3900	2.3	s
19-01-2026 14:35:19	2.3900	1.1	s
19-01-2026 14:35:19	2.3800	0.1	b
19-01-2026 14:35:14	2.3800	2.1	b
19-01-2026 14:35:13	2.3800	1.4	b
19-01-2026 14:35:13	2.3800	3	b
19-01-2026 14:35:08	2.3800	0.1	b
19-01-2026 14:34:53	2.3900	0.2	s
19-01-2026 14:34:40	2.3800	2.2	b
19-01-2026 14:34:17	2.3900	0.8	s
19-01-2026 14:34:03	2.3800	2.3	b
19-01-2026 14:33:47	2.3900	0.4	s
19-01-2026 14:33:43	2.3800	1.3	b
19-01-2026 14:33:43	2.3900	0.2	s
19-01-2026 14:33:29	2.3900	0.1	s
19-01-2026 14:33:23	2.3900	0.9	s
19-01-2026 14:33:16	2.3800	4.8	b
19-01-2026 14:32:24	2.3900	0.8	s
19-01-2026 14:32:23	2.3900	0.2	s
19-01-2026 14:32:20	2.3800	2.1	b
19-01-2026 14:31:59	2.3900	2.2	s
19-01-2026 14:31:34	2.3900	0.6	s
19-01-2026 14:31:02	2.3900	0.2	s
19-01-2026 14:31:00	2.3800	0.3	b
19-01-2026 14:30:53	2.3900	0.3	s
19-01-2026 14:30:46	2.3900	1.1	s
19-01-2026 14:30:43	2.3900	3.5	s
19-01-2026 14:30:42	2.3800	15.7	b
19-01-2026 14:30:37	2.3900	41	s
19-01-2026 14:30:30	2.3900	0.8	s
19-01-2026 14:30:25	2.3800	4	b
19-01-2026 14:30:07	2.3900	0.4	s
19-01-2026 14:30:03	2.3900	0.8	s
19-01-2026 14:29:56	2.3800	2.1	b
19-01-2026 14:29:42	2.3900	0.2	s
19-01-2026 14:29:17	2.3800	1	b
19-01-2026 14:29:16	2.3800	2.9	b
19-01-2026 14:29:16	2.3800	1.5	b
19-01-2026 14:28:39	2.3900	0.8	s
19-01-2026 14:28:34	2.3900	2.1	s
19-01-2026 14:28:23	2.3800	0.1	b
19-01-2026 14:28:22	2.3900	0.2	s
19-01-2026 14:28:10	2.3900	1.4	s
19-01-2026 14:28:03	2.3900	12	s
19-01-2026 14:27:46	2.3900	0.4	s
19-01-2026 14:27:36	2.3800	1.5	b
19-01-2026 14:27:06	2.3900	0.7	s
19-01-2026 14:27:02	2.3900	0.2	s
19-01-2026 14:26:50	2.3900	0.8	s
19-01-2026 14:26:48	2.3800	2	b
19-01-2026 14:26:42	2.3900	0.1	s
19-01-2026 14:26:30	2.3900	0.7	s
19-01-2026 14:26:28	2.3900	0.8	s
19-01-2026 14:26:27	2.3800	9.7	b
19-01-2026 14:26:22	2.3800	2	b
19-01-2026 14:26:15	2.3900	0.1	s
19-01-2026 14:25:52	2.3900	0.2	s
19-01-2026 14:25:24	2.3800	0.4	b
19-01-2026 14:24:52	2.3900	0.8	s
19-01-2026 14:24:44	2.3900	2.5	s
19-01-2026 14:24:41	2.3800	2.8	b
19-01-2026 14:24:41	2.3900	0.1	s
19-01-2026 14:24:34	2.3900	0.6	s
19-01-2026 14:24:32	2.3900	0.2	s
19-01-2026 14:24:24	2.3900	0.5	s
19-01-2026 14:24:20	2.3900	0.4	s
19-01-2026 14:24:19	2.3800	5.3	b
19-01-2026 14:24:18	2.3800	2.3	b
19-01-2026 14:24:03	2.3800	3.3	b
19-01-2026 14:23:47	2.3900	0.4	s
19-01-2026 14:23:12	2.3900	0.2	s
19-01-2026 14:23:00	2.3900	0.2	s
19-01-2026 14:22:51	2.3900	0.7	s
19-01-2026 14:22:28	2.3800	9.1	b
19-01-2026 14:22:03	2.3900	0.7	s
19-01-2026 14:21:56	2.3800	2.2	b
19-01-2026 14:21:55	2.3800	7.3	b
19-01-2026 14:21:52	2.3900	0.2	s
19-01-2026 14:21:48	2.3800	3.7	b
19-01-2026 14:21:48	2.3800	3.2	b
19-01-2026 14:21:22	2.3900	1.4	s
19-01-2026 14:21:20	2.3900	2.9	s
19-01-2026 14:21:19	2.3900	5.2	s
19-01-2026 14:21:19	2.3800	6	b
19-01-2026 14:21:19	2.3800	29.9	b
19-01-2026 14:21:18	2.3800	7.8	b
19-01-2026 14:21:18	2.3900	175	s
19-01-2026 14:21:11	2.3900	0.2	s
19-01-2026 14:21:06	2.3900	0.7	s
19-01-2026 14:21:06	2.3900	2	s
19-01-2026 14:20:56	2.3900	0.1	s
19-01-2026 14:20:32	2.3900	0.2	s
19-01-2026 14:20:25	2.3800	2.3	b
19-01-2026 14:20:25	2.3800	1.3	b
19-01-2026 14:20:23	2.3800	0.7	b
19-01-2026 14:20:18	2.3900	2.8	s
19-01-2026 14:20:10	2.3800	0.2	b
19-01-2026 14:20:09	2.3800	0.1	b
19-01-2026 14:20:09	2.3800	0.6	b
19-01-2026 14:19:57	2.3800	0.4	b
19-01-2026 14:19:49	2.3900	0.6	s
19-01-2026 14:19:44	2.3800	15.2	b
19-01-2026 14:19:38	2.3800	2.4	b
19-01-2026 14:19:29	2.3800	1.7	b
19-01-2026 14:19:25	2.3800	0.4	b
19-01-2026 14:19:19	2.3900	0.7	s
19-01-2026 14:19:11	2.3900	0.2	s
19-01-2026 14:18:47	2.3800	0.6	b
19-01-2026 14:18:25	2.3900	0.9	s
19-01-2026 14:18:22	2.3900	3.3	s
19-01-2026 14:18:22	2.3800	3.6	b
19-01-2026 14:18:22	2.3900	13.6	s
19-01-2026 14:18:20	2.3900	0.7	s
19-01-2026 14:18:13	2.3800	4.3	b
19-01-2026 14:18:01	2.3900	0.2	s
19-01-2026 14:17:49	2.3900	0.6	s
19-01-2026 14:17:17	2.3800	2	b
19-01-2026 14:17:09	2.3800	0.6	b
19-01-2026 14:17:09	2.3900	0.6	s
19-01-2026 14:16:41	2.3900	0.2	s
19-01-2026 14:16:40	2.3800	0.6	b
19-01-2026 14:16:37	2.3900	2	s
19-01-2026 14:16:12	2.3900	0.7	s
19-01-2026 14:16:05	2.3800	4.2	b
19-01-2026 14:15:43	2.3800	0.6	b
19-01-2026 14:15:31	2.3900	0.8	s
19-01-2026 14:15:30	2.3800	4.9	b
19-01-2026 14:15:30	2.3800	8.7	b
19-01-2026 14:15:22	2.3800	0.5	b
19-01-2026 14:15:21	2.3900	0.2	s
19-01-2026 14:15:15	2.3900	0.5	s
19-01-2026 14:15:12	2.3800	2.4	b
19-01-2026 14:15:11	2.3900	0.1	s
19-01-2026 14:14:32	2.3900	0.7	s
19-01-2026 14:14:29	2.3800	0.4	b
19-01-2026 14:14:01	2.3900	0.2	s
19-01-2026 14:13:57	2.3800	2.5	b
19-01-2026 14:13:52	2.3800	0.6	b
19-01-2026 14:13:16	2.3800	2	b
19-01-2026 14:13:09	2.3800	0.5	b
19-01-2026 14:13:01	2.3800	0.5	b
19-01-2026 14:12:55	2.3900	0.7	s
19-01-2026 14:12:47	2.3800	3.7	b
19-01-2026 14:12:47	2.3900	2.3	s
19-01-2026 14:12:41	2.3900	0.2	s
19-01-2026 14:12:35	2.3900	2.4	s
19-01-2026 14:12:26	2.3900	0.4	s
19-01-2026 14:12:19	2.3800	2.5	b
19-01-2026 14:12:04	2.3800	0.5	b
19-01-2026 14:11:36	2.3900	0.1	s
19-01-2026 14:11:32	2.3800	0.5	b
19-01-2026 14:11:32	2.3800	0.5	b
19-01-2026 14:11:30	2.3900	0.3	s
19-01-2026 14:11:23	2.3900	5.5	s
19-01-2026 14:11:22	2.3900	0.1	s
19-01-2026 14:11:21	2.3900	0.2	s
19-01-2026 14:11:19	2.3900	0.7	s
19-01-2026 14:11:12	2.3800	0.5	b
19-01-2026 14:11:02	2.3900	0.1	s
19-01-2026 14:10:58	2.3800	0.4	b
19-01-2026 14:10:54	2.3900	0.6	s
19-01-2026 14:10:27	2.3900	0.1	s
19-01-2026 14:10:26	2.3800	1	b
19-01-2026 14:10:25	2.3800	0.1	b
19-01-2026 14:10:22	2.3900	0.1	s
19-01-2026 14:10:11	2.3900	0.2	s
19-01-2026 14:10:08	2.3800	4.4	b
19-01-2026 14:10:08	2.3800	11	b
19-01-2026 14:10:07	2.3800	2.6	b
19-01-2026 14:10:06	2.3800	0.5	b
19-01-2026 14:09:48	2.3800	1.7	b
19-01-2026 14:09:29	2.3800	0.6	b
19-01-2026 14:09:29	2.3900	0.7	s
19-01-2026 14:09:27	2.3900	0.2	s
19-01-2026 14:09:23	2.3900	0.1	s
19-01-2026 14:09:20	2.3800	4.5	b
19-01-2026 14:09:20	2.3800	5.5	b
19-01-2026 14:09:01	2.3900	0.4	s
19-01-2026 14:09:00	2.3800	3.4	b
19-01-2026 14:08:54	2.3800	0.7	b
19-01-2026 14:08:52	2.3900	0.1	s
19-01-2026 14:08:51	2.3900	0.2	s
19-01-2026 14:08:23	2.3900	0.6	s
19-01-2026 14:08:21	2.3900	0.1	s
19-01-2026 14:08:14	2.3900	0.1	s
19-01-2026 14:08:08	2.3900	2	s
19-01-2026 14:08:02	2.3900	0.6	s
19-01-2026 14:08:00	2.3900	0.1	s
19-01-2026 14:07:55	2.3900	2.7	s
19-01-2026 14:07:50	2.3900	0.4	s
19-01-2026 14:07:50	2.3900	0.1	s
19-01-2026 14:07:46	2.3800	2	b
19-01-2026 14:07:44	2.3800	3.6	b
19-01-2026 14:07:44	2.3800	2	b
19-01-2026 14:07:31	2.3900	0.2	s
19-01-2026 14:07:24	2.3800	2.1	b
19-01-2026 14:07:23	2.3900	0.1	s
19-01-2026 14:07:22	2.3800	6.3	b
19-01-2026 14:07:14	2.3800	3.4	b
19-01-2026 14:07:08	2.3900	0.2	s
19-01-2026 14:07:03	2.3800	3.7	b
19-01-2026 14:07:03	2.3800	4.2	b
19-01-2026 14:06:57	2.3900	0.3	s
19-01-2026 14:06:38	2.3800	0.7	b
19-01-2026 14:06:38	2.3900	0.6	s
19-01-2026 14:06:29	2.3800	0.9	b
19-01-2026 14:06:29	2.3900	0.2	s
19-01-2026 14:06:23	2.3800	2.3	b
19-01-2026 14:06:22	2.3900	0.4	s
19-01-2026 14:06:21	2.3900	0.7	s
19-01-2026 14:06:15	2.3800	4	b
19-01-2026 14:06:11	2.3900	0.2	s
19-01-2026 14:05:57	2.3900	0.1	s
19-01-2026 14:05:54	2.3900	0.3	s
19-01-2026 14:05:51	2.3900	0.1	s
19-01-2026 14:05:45	2.3800	4.8	b
19-01-2026 14:05:41	2.3900	0.6	s
19-01-2026 14:05:30	2.3800	0.7	b
19-01-2026 14:05:26	2.3800	5.6	b
19-01-2026 14:05:16	2.3800	2.8	b
19-01-2026 14:05:11	2.3900	0.4	s
19-01-2026 14:04:54	2.3900	0.9	s
19-01-2026 14:04:50	2.3900	0.2	s
19-01-2026 14:04:50	2.3900	0.4	s
19-01-2026 14:04:44	2.3800	0.3	b
19-01-2026 14:04:44	2.3900	0.7	s
19-01-2026 14:04:33	2.3900	0.2	s
19-01-2026 14:04:26	2.3800	3.9	b
19-01-2026 14:04:26	2.3900	2.7	s
19-01-2026 14:04:22	2.3800	2.5	b
19-01-2026 14:04:20	2.3900	0.1	s
19-01-2026 14:03:58	2.3800	2.2	b
19-01-2026 14:03:30	2.3900	0.2	s
19-01-2026 14:03:28	2.3900	0.1	s
19-01-2026 14:03:23	2.3800	7	b
19-01-2026 14:03:08	2.3900	0.1	s
19-01-2026 14:03:04	2.3900	0.7	s
19-01-2026 14:02:53	2.3900	0.3	s
19-01-2026 14:02:51	2.3800	0.1	b
19-01-2026 14:02:48	2.3900	0.1	s
19-01-2026 14:02:35	2.3800	0.3	b
19-01-2026 14:02:20	2.3900	0.2	s
19-01-2026 14:01:57	2.3800	0.1	b
19-01-2026 14:01:57	2.3800	2.5	b
19-01-2026 14:01:43	2.3800	0.1	b
19-01-2026 14:01:26	2.3800	0.2	b
19-01-2026 14:01:26	2.3800	0.1	b
19-01-2026 14:01:26	2.3900	0.7	s
19-01-2026 14:01:11	2.3800	0.5	b
19-01-2026 14:01:11	2.3900	2.2	s
19-01-2026 14:01:06	2.3800	0.1	b
19-01-2026 14:01:06	2.3900	0.1	s
19-01-2026 14:01:03	2.3900	0.1	s
19-01-2026 14:01:00	2.3800	0.1	b
19-01-2026 14:01:00	2.3900	0.2	s
19-01-2026 14:00:51	2.3800	0.5	b
19-01-2026 14:00:51	2.3900	0.1	s
19-01-2026 14:00:46	2.3800	0.4	b
19-01-2026 14:00:46	2.3900	1.8	s
19-01-2026 14:00:37	2.3800	1.9	b
19-01-2026 14:00:35	2.3800	0.1	b
19-01-2026 14:00:35	2.3900	0.1	s
19-01-2026 14:00:24	2.3800	0.1	b
19-01-2026 14:00:24	2.3900	0.6	s
19-01-2026 14:00:23	2.3800	0.3	b
19-01-2026 14:00:20	2.3800	1.4	b
19-01-2026 14:00:05	2.3800	0.2	b
19-01-2026 14:00:05	2.3900	0.1	s
19-01-2026 14:00:04	2.3800	0.6	b
19-01-2026 14:00:04	2.3800	0.1	b
19-01-2026 14:00:04	2.3800	3.3	b
19-01-2026 13:59:51	2.3800	0.3	b
19-01-2026 13:59:51	2.3900	0.1	s
19-01-2026 13:59:46	2.3800	0.5	b
19-01-2026 13:59:46	2.3900	0.7	s
19-01-2026 13:59:41	2.3800	2.4	b
19-01-2026 13:59:40	2.3800	0.1	b
19-01-2026 13:59:40	2.3900	0.2	s
19-01-2026 13:59:37	2.3800	0.1	b
19-01-2026 13:59:37	2.3900	0.1	s
19-01-2026 13:59:27	2.3800	0.6	b
19-01-2026 13:59:00	2.3800	0.1	b
19-01-2026 13:59:00	2.3900	0.1	s
19-01-2026 13:58:59	2.3800	0.6	b
19-01-2026 13:58:54	2.3800	2	b
19-01-2026 13:58:53	2.3800	10.5	b
19-01-2026 13:58:43	2.3800	0.2	b
19-01-2026 13:58:21	2.3800	0.1	b
19-01-2026 13:58:21	2.3900	0.7	s
19-01-2026 13:58:20	2.3900	0.2	s
19-01-2026 13:58:19	2.3800	0.3	b
19-01-2026 13:58:19	2.3900	0.6	s
19-01-2026 13:58:13	2.3800	2.9	b
19-01-2026 13:57:41	2.3900	0.1	s
19-01-2026 13:57:32	2.3800	0.1	b
19-01-2026 13:57:32	2.3900	0.1	s
19-01-2026 13:57:23	2.3800	0.5	b
19-01-2026 13:57:22	2.3800	0.1	b
19-01-2026 13:57:22	2.3900	2.4	s
19-01-2026 13:57:03	2.3800	0.2	b
19-01-2026 13:57:03	2.3900	0.4	s
19-01-2026 13:57:00	2.3800	0.5	b
19-01-2026 13:57:00	2.3900	0.2	s
19-01-2026 13:56:51	2.3800	2.5	b
19-01-2026 13:56:32	2.3800	0.2	b
19-01-2026 13:56:32	2.3800	0.1	b
19-01-2026 13:56:32	2.3900	0.8	s
19-01-2026 13:56:18	2.3800	0.6	b
19-01-2026 13:56:18	2.3800	2.3	b
19-01-2026 13:55:42	2.3800	0.4	b
19-01-2026 13:55:42	2.3800	0.3	b
19-01-2026 13:55:42	2.3800	2.2	b
19-01-2026 13:55:40	2.3800	0.9	b
19-01-2026 13:55:40	2.3900	0.2	s
19-01-2026 13:55:39	2.3800	1.6	b
19-01-2026 13:55:39	2.3900	3.2	s
19-01-2026 13:55:33	2.3800	7.7	b
19-01-2026 13:55:25	2.3800	0.3	b
19-01-2026 13:55:25	2.3800	0.1	b
19-01-2026 13:55:20	2.3900	0.8	s
19-01-2026 13:54:58	2.3800	0.7	b
19-01-2026 13:54:58	2.3800	2.6	b
19-01-2026 13:54:52	2.3800	0.2	b
19-01-2026 13:54:52	2.3900	0.7	s
19-01-2026 13:54:46	2.3800	0.7	b
19-01-2026 13:54:39	2.3800	0.2	b
19-01-2026 13:54:30	2.3800	0.3	b
19-01-2026 13:54:30	2.3900	0.2	s
19-01-2026 13:54:04	2.3800	0.9	b
19-01-2026 13:54:04	2.3900	0.6	s
19-01-2026 13:54:04	2.3800	4.3	b
19-01-2026 13:54:03	2.3800	0.3	b
19-01-2026 13:54:03	2.3800	0.6	b
19-01-2026 13:54:02	2.3800	0.4	b
19-01-2026 13:53:59	2.3800	0.3	b
19-01-2026 13:53:59	2.3900	2	s
19-01-2026 13:53:54	2.3800	1.3	b
19-01-2026 13:53:54	2.3900	0.1	s
19-01-2026 13:53:49	2.3800	1.5	b
19-01-2026 13:53:49	2.3900	4.9	s
19-01-2026 13:53:47	2.3800	5	b
19-01-2026 13:53:46	2.3800	2.5	b
19-01-2026 13:53:46	2.3900	25.2	s
19-01-2026 13:53:46	2.3900	0.1	s
19-01-2026 13:53:43	2.3800	12.4	b
19-01-2026 13:53:43	2.3800	0.2	b
19-01-2026 13:53:43	2.3800	62	b
19-01-2026 13:53:11	2.3900	0.7	s
19-01-2026 13:53:10	2.3800	0.1	b
19-01-2026 13:53:10	2.3900	0.2	s
19-01-2026 13:52:56	2.3900	0.1	s
19-01-2026 13:52:46	2.3800	0.3	b
19-01-2026 13:52:46	2.3900	0.1	s
19-01-2026 13:52:29	2.3800	1.1	b
19-01-2026 13:52:29	2.3900	0.4	s
19-01-2026 13:52:12	2.3800	5.1	b
19-01-2026 13:52:07	2.3800	0.1	b
19-01-2026 13:52:07	2.3900	0.1	s
19-01-2026 13:52:01	2.3800	0.3	b
19-01-2026 13:52:01	2.3900	0.1	s
19-01-2026 13:52:01	2.3800	1.5	b
19-01-2026 13:52:00	2.3800	0.1	b
19-01-2026 13:52:00	2.3800	7.5	b
19-01-2026 13:51:50	2.3800	0.1	b
19-01-2026 13:51:50	2.3900	0.2	s
19-01-2026 13:51:45	2.3900	0.5	s
19-01-2026 13:51:42	2.3800	0.1	b
19-01-2026 13:51:42	2.3900	0.2	s
19-01-2026 13:51:37	2.3800	0.4	b
19-01-2026 13:51:37	2.3800	0.1	b
19-01-2026 13:51:37	2.3900	2	s
19-01-2026 13:51:28	2.3800	0.2	b
19-01-2026 13:51:28	2.3800	0.1	b
19-01-2026 13:51:28	2.3800	0.2	b
19-01-2026 13:51:28	2.3900	0.8	s
19-01-2026 13:51:23	2.3800	1.2	b
19-01-2026 13:51:23	2.3800	3.7	b
19-01-2026 13:50:58	2.3800	2.1	b
19-01-2026 13:50:43	2.3800	0.1	b
19-01-2026 13:50:43	2.3900	0.1	s
19-01-2026 13:50:33	2.3800	0.1	b
19-01-2026 13:50:33	2.3900	0.5	s
19-01-2026 13:50:30	2.3900	0.2	s
19-01-2026 13:50:27	2.3800	0.1	b
19-01-2026 13:50:25	2.3800	0.1	b
19-01-2026 13:50:24	2.3800	0.2	b
19-01-2026 13:50:18	2.3800	0.6	b
19-01-2026 13:50:18	2.3800	3	b
19-01-2026 13:50:07	2.3800	0.1	b
19-01-2026 13:50:07	2.3900	0.6	s
19-01-2026 13:50:06	2.3800	0.1	b
19-01-2026 13:50:06	2.3900	0.1	s
19-01-2026 13:50:02	2.3800	0.6	b
19-01-2026 13:50:02	2.3900	2.5	s
19-01-2026 13:49:41	2.3800	0.1	b
19-01-2026 13:49:41	2.3900	0.7	s
19-01-2026 13:49:37	2.3800	0.1	b
19-01-2026 13:49:37	2.3900	0.1	s
19-01-2026 13:49:33	2.3800	0.1	b
19-01-2026 13:49:33	2.3800	0.6	b
19-01-2026 13:49:33	2.3900	0.2	s
19-01-2026 13:49:28	2.3900	0.1	s
19-01-2026 13:49:11	2.3800	0.1	b
19-01-2026 13:49:10	2.3900	0.2	s
19-01-2026 13:48:37	2.3800	0.2	b
19-01-2026 13:48:37	2.3800	0.1	b
19-01-2026 13:48:37	2.3800	2.8	b
19-01-2026 13:48:33	2.3800	0.4	b
19-01-2026 13:48:33	2.3800	2.3	b
19-01-2026 13:48:32	2.3800	0.4	b
19-01-2026 13:48:32	2.3800	0.1	b
19-01-2026 13:48:11	2.3800	2	b
19-01-2026 13:48:11	2.3800	10.1	b
19-01-2026 13:47:50	2.3900	0.8	s
19-01-2026 13:47:50	2.3800	0.1	b
19-01-2026 13:47:50	2.3900	0.2	s
19-01-2026 13:47:25	2.3800	0.3	b
19-01-2026 13:47:25	2.3800	0.1	b
19-01-2026 13:46:56	2.3800	1.2	b
19-01-2026 13:46:46	2.3800	5.7	b
19-01-2026 13:46:41	2.3800	0.1	b
19-01-2026 13:46:40	2.3800	0.1	b
19-01-2026 13:46:40	2.3800	0.1	b
19-01-2026 13:46:40	2.3900	0.1	s
19-01-2026 13:46:34	2.3900	0.6	s
19-01-2026 13:46:23	2.3800	0.1	b
19-01-2026 13:46:17	2.3900	0.1	s
19-01-2026 13:46:13	2.3800	0.1	b
19-01-2026 13:46:13	2.3900	0.4	s
19-01-2026 13:46:02	2.3800	0.3	b
19-01-2026 13:46:02	2.3900	0.2	s
19-01-2026 13:45:58	2.3800	0.7	b
19-01-2026 13:45:58	2.3900	0.7	s
19-01-2026 13:45:55	2.3800	0.6	b
19-01-2026 13:45:55	2.3900	2.9	s
19-01-2026 13:45:28	2.3800	2.7	b
19-01-2026 13:44:59	2.3900	0.1	s
19-01-2026 13:44:18	2.3800	0.3	b
19-01-2026 13:44:18	2.3900	0.7	s
19-01-2026 13:44:03	2.3800	0.5	b
19-01-2026 13:44:03	2.3900	0.1	s
19-01-2026 13:43:31	2.3800	2.5	b
19-01-2026 13:43:25	2.3800	0.1	b
19-01-2026 13:43:25	2.3900	0.1	s
19-01-2026 13:43:22	2.3800	0.1	b
19-01-2026 13:43:22	2.3900	0.2	s
19-01-2026 13:43:17	2.3800	0.5	b
19-01-2026 13:43:17	2.3800	0.1	b
19-01-2026 13:43:17	2.3900	2.5	s
19-01-2026 13:42:33	2.3800	0.2	b
19-01-2026 13:42:33	2.3900	0.4	s
19-01-2026 13:42:30	2.3800	0.1	b
19-01-2026 13:42:30	2.3900	0.8	s
19-01-2026 13:42:19	2.3800	0.2	b
19-01-2026 13:42:19	2.3800	0.4	b
19-01-2026 13:42:19	2.3900	0.1	s
19-01-2026 13:42:15	2.3900	2.1	s
19-01-2026 13:41:42	2.3800	0.2	b
19-01-2026 13:41:42	2.3900	0.1	s
19-01-2026 13:41:41	2.3900	0.6	s
19-01-2026 13:41:40	2.3800	0.1	b
19-01-2026 13:41:40	2.3900	0.2	s
19-01-2026 13:41:18	2.3800	0.3	b
19-01-2026 13:41:18	2.3900	0.3	s
19-01-2026 13:41:12	2.3800	3.8	b
19-01-2026 13:41:12	2.3800	15.6	b
19-01-2026 13:40:32	2.3900	0.8	s
19-01-2026 13:40:20	2.3800	0.1	b
19-01-2026 13:39:49	2.3800	0.4	b
19-01-2026 13:39:49	2.3800	2.2	b
19-01-2026 13:39:02	2.3800	0.2	b
19-01-2026 13:39:01	2.3900	0.7	s
19-01-2026 13:39:00	2.3800	4.3	b
19-01-2026 13:38:41	2.3800	0.5	b
19-01-2026 13:38:41	2.3900	0.8	s
19-01-2026 13:38:36	2.3800	2.2	b
19-01-2026 13:38:18	2.3800	0.1	b
19-01-2026 13:38:18	2.3900	0.1	s
19-01-2026 13:38:12	2.3800	0.1	b
19-01-2026 13:38:12	2.3900	0.2	s
19-01-2026 13:37:22	2.3800	0.6	b
19-01-2026 13:37:22	2.3900	2.8	s
19-01-2026 13:37:10	2.3800	0.4	b
19-01-2026 13:37:10	2.3800	0.1	b
19-01-2026 13:37:10	2.3800	1.9	b
19-01-2026 13:37:05	2.3800	0.1	b
19-01-2026 13:37:05	2.3900	0.1	s
19-01-2026 13:37:01	2.3800	0.1	b
19-01-2026 13:37:01	2.3800	0.4	b
19-01-2026 13:36:49	2.3800	0.7	b
19-01-2026 13:36:49	2.3800	0.1	b
19-01-2026 13:36:49	2.3900	2.8	s
19-01-2026 13:36:47	2.3900	0.8	s
19-01-2026 13:36:37	2.3800	0.1	b
19-01-2026 13:36:37	2.3900	0.1	s
19-01-2026 13:36:36	2.3800	0.8	b
19-01-2026 13:36:36	2.3800	3.6	b
19-01-2026 13:36:36	2.3800	9.6	b
19-01-2026 13:36:10	2.3800	0.7	b
19-01-2026 13:35:47	2.3800	2.3	b
19-01-2026 13:35:37	2.3800	0.1	b
19-01-2026 13:35:25	2.3800	0.2	b
19-01-2026 13:34:51	2.3800	0.5	b
19-01-2026 13:34:51	2.3900	1.5	s
19-01-2026 13:34:48	2.3800	0.1	b
19-01-2026 13:34:48	2.3900	0.8	s
19-01-2026 13:34:27	2.3800	0.1	b
19-01-2026 13:34:27	2.3900	0.1	s
19-01-2026 13:34:14	2.3800	0.1	b
19-01-2026 13:34:14	2.3900	0.4	s
19-01-2026 13:32:57	2.3800	0.3	b
19-01-2026 13:32:57	2.3900	0.6	s
19-01-2026 13:32:45	2.3800	0.6	b
19-01-2026 13:32:45	2.3900	0.9	s
19-01-2026 13:32:44	2.3900	2.6	s
19-01-2026 13:31:04	2.3800	0.4	b
19-01-2026 13:30:34	2.3900	1.1	s
19-01-2026 13:30:29	2.3800	0.1	b
19-01-2026 13:30:29	2.3900	0.3	s
19-01-2026 13:30:24	2.3800	0.5	b
19-01-2026 13:30:21	2.3800	2.1	b
19-01-2026 13:30:15	2.3800	0.2	b
19-01-2026 13:30:15	2.3900	0.1	s
19-01-2026 13:29:56	2.3900	0.4	s
19-01-2026 13:29:55	2.3800	0.2	b
19-01-2026 13:29:55	2.3900	0.5	s
19-01-2026 13:29:43	2.3800	0.4	b
19-01-2026 13:29:43	2.3800	0.2	b
19-01-2026 13:29:43	2.3900	2.3	s
19-01-2026 13:29:37	2.3800	1	b
19-01-2026 13:29:01	2.3900	0.6	s
19-01-2026 13:28:59	2.3800	0.6	b
19-01-2026 13:28:33	2.3800	1.7	b
19-01-2026 13:28:33	2.3900	0.4	s
19-01-2026 13:28:28	2.3800	3	b
19-01-2026 13:28:15	2.3800	0.1	b
19-01-2026 13:28:15	2.3900	0.6	s
19-01-2026 13:27:57	2.3800	0.2	b
19-01-2026 13:27:57	2.3800	0.5	b
19-01-2026 13:27:57	2.3800	2.3	b
19-01-2026 13:27:54	2.3800	0.2	b
19-01-2026 13:27:47	2.3800	0.3	b
19-01-2026 13:27:47	2.3900	1.1	s
19-01-2026 13:27:34	2.3800	0.3	b
19-01-2026 13:27:34	2.3800	0.8	b
19-01-2026 13:27:03	2.3800	0.1	b
19-01-2026 13:27:03	2.3900	0.6	s
19-01-2026 13:27:02	2.3800	0.6	b
19-01-2026 13:27:02	2.3900	2.2	s
19-01-2026 13:27:00	2.3800	0.1	b
19-01-2026 13:27:00	2.3800	0.7	b
19-01-2026 13:26:59	2.3800	0.2	b
19-01-2026 13:26:59	2.3900	0.4	s
19-01-2026 13:26:44	2.3800	0.1	b
19-01-2026 13:26:44	2.3800	0.2	b
19-01-2026 13:26:22	2.3800	0.7	b
19-01-2026 13:25:58	2.3800	0.2	b
19-01-2026 13:25:56	2.3800	0.1	b
19-01-2026 13:25:56	2.3900	1.2	s
19-01-2026 13:25:51	2.3800	0.5	b
19-01-2026 13:25:51	2.3800	2	b
19-01-2026 13:25:50	2.3800	0.1	b
19-01-2026 13:25:50	2.3900	0.1	s
19-01-2026 13:25:36	2.3800	0.4	b
19-01-2026 13:25:36	2.3800	0.1	b
19-01-2026 13:25:35	2.3800	2	b
19-01-2026 13:25:31	2.3800	0.4	b
19-01-2026 13:25:31	2.3900	0.4	s
19-01-2026 13:25:26	2.3800	1.7	b
19-01-2026 13:25:25	2.3800	0.1	b
19-01-2026 13:25:25	2.3900	8.5	s
19-01-2026 13:25:20	2.3800	0.3	b
19-01-2026 13:25:20	2.3800	0.2	b
19-01-2026 13:25:20	2.3800	0.3	b
19-01-2026 13:25:20	2.3800	1.2	b
19-01-2026 13:25:19	2.3800	1.2	b
19-01-2026 13:25:19	2.3800	1.7	b
19-01-2026 13:25:19	2.3800	3.5	b
19-01-2026 13:25:19	2.3800	2.5	b
19-01-2026 13:25:19	2.3800	17.5	b
19-01-2026 13:25:19	2.3800	25	b
19-01-2026 13:25:19	2.3900	123.7	s
19-01-2026 13:25:19	2.3800	0.2	b
19-01-2026 13:25:19	2.3900	1	s
19-01-2026 13:25:13	2.3800	0.1	b
19-01-2026 13:25:13	2.3800	0.7	b
19-01-2026 13:25:13	2.3800	0.1	b
19-01-2026 13:25:03	2.3900	0.6	s
19-01-2026 13:24:48	2.3800	0.2	b
19-01-2026 13:24:48	2.3800	3	b
19-01-2026 13:23:49	2.3800	0.1	b
19-01-2026 13:23:49	2.3900	0.3	s
19-01-2026 13:23:28	2.3800	0.5	b
19-01-2026 13:23:28	2.3800	0.7	b
19-01-2026 13:23:28	2.3800	4.4	b
19-01-2026 13:23:04	2.3800	0.7	b
19-01-2026 13:23:04	2.3900	0.1	s
19-01-2026 13:22:51	2.3800	0.1	b
19-01-2026 13:22:51	2.3900	1.2	s
19-01-2026 13:22:30	2.3800	0.6	b
19-01-2026 13:21:42	2.3800	0.2	b
19-01-2026 13:20:22	2.3800	0.4	b
19-01-2026 13:19:58	2.3800	0.1	b
19-01-2026 13:19:58	2.3900	0.1	s
19-01-2026 13:19:56	2.3800	0.2	b
19-01-2026 13:19:55	2.3800	0.8	b
19-01-2026 13:19:55	2.3900	1.4	s
19-01-2026 13:19:55	2.3800	0.2	b
19-01-2026 13:19:54	2.3900	1.3	s
19-01-2026 13:19:51	2.3800	0.2	b
19-01-2026 13:19:51	2.3800	3.5	b
19-01-2026 13:17:30	2.3800	1.2	b
19-01-2026 13:17:30	2.3800	5	b
19-01-2026 13:17:07	2.3900	1	s
19-01-2026 13:16:52	2.3900	1.4	s
19-01-2026 13:16:27	2.3800	1.2	b
19-01-2026 13:16:27	2.3800	1.9	b
19-01-2026 13:14:46	2.3800	2.3	b
19-01-2026 13:14:37	2.3900	0.7	s
19-01-2026 13:14:16	2.3900	0.1	s
19-01-2026 13:13:36	2.3900	1.3	s
19-01-2026 13:12:23	2.3800	1	b
19-01-2026 13:12:23	2.3900	0.3	s
19-01-2026 13:10:31	2.3900	1.3	s
19-01-2026 13:09:57	2.3900	0.2	s
19-01-2026 13:08:51	2.3900	0.2	s
19-01-2026 13:08:47	2.3900	0.1	s
19-01-2026 13:08:24	2.3800	0.1	b
19-01-2026 13:08:24	2.3800	2.4	b
19-01-2026 13:07:03	2.3800	0.6	b
19-01-2026 13:07:03	2.3800	2.6	b
19-01-2026 13:06:21	2.3800	0.4	b
19-01-2026 13:06:21	2.3800	0.2	b
19-01-2026 13:06:21	2.3900	2.1	s
19-01-2026 13:06:17	2.3800	0.6	b
19-01-2026 13:06:17	2.3800	2.1	b
19-01-2026 13:06:14	2.3800	0.9	b
19-01-2026 13:06:14	2.3800	0.1	b
19-01-2026 13:05:57	2.3800	2.7	b
19-01-2026 13:05:57	2.3800	19.9	b
19-01-2026 13:04:03	2.3800	2.1	b
19-01-2026 13:03:51	2.3900	0.2	s
19-01-2026 13:03:35	2.3800	1.9	b
19-01-2026 13:02:21	2.3800	0.1	b
19-01-2026 13:02:21	2.3900	0.6	s
19-01-2026 13:01:56	2.3800	0.4	b
19-01-2026 13:01:56	2.3800	2.2	b
19-01-2026 13:01:50	2.3800	0.2	b
19-01-2026 13:01:50	2.3900	0.3	s
19-01-2026 13:01:32	2.3800	0.6	b
19-01-2026 13:01:32	2.3800	3.6	b
19-01-2026 13:00:53	2.3800	0.7	b
19-01-2026 13:00:27	2.3800	0.2	b
19-01-2026 13:00:27	2.3900	0.1	s
19-01-2026 13:00:09	2.3800	0.6	b
19-01-2026 13:00:09	2.3800	2	b
19-01-2026 13:00:09	2.3800	1	b
19-01-2026 13:00:01	2.3800	1.5	b
19-01-2026 13:00:01	2.3800	3.9	b
19-01-2026 13:00:01	2.3800	7.2	b
19-01-2026 13:00:01	2.3800	33.3	b
19-01-2026 13:00:01	2.3800	2.8	b
19-01-2026 13:00:00	2.3900	178.7	s
19-01-2026 13:00:00	2.3900	0.1	s
19-01-2026 13:00:00	2.3800	6.2	b
19-01-2026 12:58:46	2.3900	131.7	b
19-01-2026 11:59:58	2.3800	0.1	b
19-01-2026 11:59:57	2.3800	0.1	b
19-01-2026 11:59:54	2.3800	0.7	b
19-01-2026 11:59:53	2.3800	58	b
19-01-2026 11:59:53	2.3800	0.6	b
19-01-2026 11:59:44	2.3900	0.5	s
19-01-2026 11:59:44	2.3800	5.3	b
19-01-2026 11:59:43	2.3900	2.3	s
19-01-2026 11:59:42	2.3800	14.7	b
19-01-2026 11:59:42	2.3800	1.9	b
19-01-2026 11:59:42	2.3900	104.6	s
19-01-2026 11:59:40	2.3900	0.7	s
19-01-2026 11:59:40	2.3800	2.5	b
19-01-2026 11:59:39	2.3800	0.9	b
19-01-2026 11:59:33	2.3900	0.6	s
19-01-2026 11:59:30	2.3900	4.4	s
19-01-2026 11:59:27	2.3800	1.3	b
19-01-2026 11:59:24	2.3800	2	b
19-01-2026 11:59:21	2.3800	2.4	b
19-01-2026 11:59:21	2.3900	1.4	s
19-01-2026 11:59:13	2.3800	2.8	b
19-01-2026 11:59:13	2.3800	2.4	b
19-01-2026 11:59:09	2.3900	2.1	s
19-01-2026 11:58:58	2.3900	1.6	s
19-01-2026 11:58:55	2.3900	0.6	s
19-01-2026 11:58:48	2.3800	2.4	b
19-01-2026 11:58:47	2.3900	0.7	s
19-01-2026 11:58:38	2.3900	0.5	s
19-01-2026 11:58:28	2.3800	2.2	b
19-01-2026 11:58:19	2.3800	2	b
19-01-2026 11:58:15	2.3900	0.6	s
19-01-2026 11:58:07	2.3800	6.2	b
19-01-2026 11:57:54	2.3800	2.3	b
19-01-2026 11:57:50	2.3900	0.8	s
19-01-2026 11:57:43	2.3900	2.1	s
19-01-2026 11:57:39	2.3800	2.1	b
19-01-2026 11:57:38	2.3900	0.1	s
19-01-2026 11:57:36	2.3900	0.6	s
19-01-2026 11:57:35	2.3900	1.6	s
19-01-2026 11:57:31	2.3900	0.1	s
19-01-2026 11:57:25	2.3900	2.4	s
19-01-2026 11:57:08	2.3800	2.2	b
19-01-2026 11:57:07	2.3900	0.5	s
19-01-2026 11:56:56	2.3900	0.6	s
19-01-2026 11:56:53	2.3900	0.7	s
19-01-2026 11:56:49	2.3800	2.9	b
19-01-2026 11:56:49	2.3800	2	b
19-01-2026 11:56:48	2.3900	0.1	s
19-01-2026 11:56:35	2.3900	0.1	s
19-01-2026 11:56:28	2.3800	2.2	b
19-01-2026 11:56:28	2.3800	2	b
19-01-2026 11:56:08	2.3900	2.2	s
19-01-2026 11:56:04	2.3800	2.1	b
19-01-2026 11:56:02	2.3900	0.7	s
19-01-2026 11:55:58	2.3800	2.1	b
19-01-2026 11:55:39	2.3800	0.7	b
19-01-2026 11:55:36	2.3900	1.6	s
19-01-2026 11:55:27	2.3800	3	b
19-01-2026 11:55:27	2.3800	2.3	b
19-01-2026 11:55:26	2.3900	3.3	s
19-01-2026 11:55:09	2.3900	0.6	s
19-01-2026 11:55:07	2.3800	2.3	b
19-01-2026 11:55:01	2.3800	2.2	b
19-01-2026 11:54:47	2.3800	2.6	b
19-01-2026 11:54:27	2.3800	2.3	b
19-01-2026 11:54:19	2.3900	2	s
19-01-2026 11:54:07	2.3800	3	b
19-01-2026 11:54:06	2.3900	2.4	s
19-01-2026 11:54:06	2.3800	2.1	b
19-01-2026 11:54:02	2.3800	2.4	b
19-01-2026 11:53:49	2.3900	3.8	s
19-01-2026 11:53:42	2.3800	0.1	b
19-01-2026 11:53:38	2.3800	0.2	b
19-01-2026 11:53:27	2.3800	2.4	b
19-01-2026 11:53:21	2.3800	2.2	b
19-01-2026 11:53:17	2.3800	0.5	b
19-01-2026 11:53:06	2.3800	2.3	b
19-01-2026 11:53:01	2.3800	1.3	b
19-01-2026 11:52:47	2.3800	2.8	b
19-01-2026 11:52:44	2.3900	2.7	s
19-01-2026 11:52:16	2.3900	0.1	s
19-01-2026 11:52:08	2.3800	2.9	b
19-01-2026 11:52:08	2.3900	2	s
19-01-2026 11:52:07	2.3800	2.8	b
19-01-2026 11:51:46	2.3900	1.6	s
19-01-2026 11:51:41	2.3800	2.1	b
19-01-2026 11:51:31	2.3800	2.2	b
19-01-2026 11:51:18	2.3900	0.7	s
19-01-2026 11:51:18	2.3800	2.2	b
19-01-2026 11:51:13	2.3900	2.7	s
19-01-2026 11:50:58	2.3800	5.5	b
19-01-2026 11:50:39	2.3900	0.6	s
19-01-2026 11:50:36	2.3800	2.1	b
19-01-2026 11:50:35	2.3800	2.3	b
19-01-2026 11:50:29	2.3800	1.7	b
19-01-2026 11:50:20	2.3800	2	b
19-01-2026 11:50:09	2.3900	2.4	s
19-01-2026 11:49:48	2.3800	3.7	b
19-01-2026 11:49:46	2.3800	0.3	b
19-01-2026 11:49:36	2.3800	3.1	b
19-01-2026 11:49:36	2.3900	3	s
19-01-2026 11:49:27	2.3800	2.2	b
19-01-2026 11:49:03	2.3800	2.2	b
19-01-2026 11:49:02	2.3900	0.6	s
19-01-2026 11:49:02	2.3800	2	b
19-01-2026 11:48:52	2.3800	3.1	b
19-01-2026 11:48:44	2.3900	2.2	s
19-01-2026 11:48:25	2.3800	5.4	b
19-01-2026 11:48:24	2.3900	20.9	s
19-01-2026 11:48:20	2.3800	3.4	b
19-01-2026 11:48:11	2.3800	2.3	b
19-01-2026 11:48:09	2.3900	2.4	s
19-01-2026 11:48:02	2.3900	1.6	s
19-01-2026 11:47:47	2.3800	2.6	b
19-01-2026 11:47:44	2.3800	5.5	b
19-01-2026 11:47:07	2.3900	2.2	s
19-01-2026 11:47:07	2.3800	4.4	b
19-01-2026 11:46:22	2.3800	2.3	b
19-01-2026 11:46:21	2.3800	0.8	b
19-01-2026 11:46:21	2.3900	0.7	s
19-01-2026 11:46:17	2.3900	0.1	s
19-01-2026 11:46:07	2.3800	5.2	b
19-01-2026 11:46:03	2.3800	3.1	b
19-01-2026 11:46:03	2.3800	2	b
19-01-2026 11:45:57	2.3800	1.7	b
19-01-2026 11:45:57	2.3900	0.6	s
19-01-2026 11:45:48	2.3900	2.1	s
19-01-2026 11:45:27	2.3800	3.8	b
19-01-2026 11:45:15	2.3900	3.1	s
19-01-2026 11:45:10	2.3900	2	s
19-01-2026 11:45:05	2.3800	2	b
19-01-2026 11:45:01	2.3800	3	b
19-01-2026 11:45:01	2.3800	2.3	b
19-01-2026 11:44:48	2.3800	2.6	b
19-01-2026 11:44:24	2.3800	3.3	b
19-01-2026 11:44:16	2.3900	1.6	s
19-01-2026 11:44:07	2.3900	2	s
19-01-2026 11:43:53	2.3800	4.6	b
19-01-2026 11:43:21	2.3800	2.4	b
19-01-2026 11:43:04	2.3800	1.2	b
19-01-2026 11:42:59	2.3800	2	b
19-01-2026 11:42:50	2.3900	2.6	s
19-01-2026 11:42:48	2.3800	3.4	b
19-01-2026 11:42:48	2.3800	5.5	b
19-01-2026 11:42:35	2.3900	2	s
19-01-2026 11:42:23	2.3800	0.5	b
19-01-2026 11:42:23	2.3800	1.5	b
19-01-2026 11:42:01	2.3800	2.1	b
19-01-2026 11:41:36	2.3800	5.9	b
19-01-2026 11:40:54	2.3900	2.3	s
19-01-2026 11:40:47	2.3800	3.2	b
19-01-2026 11:40:47	2.3800	4	b
19-01-2026 11:40:43	2.3800	2	b
19-01-2026 11:40:35	2.3800	2.2	b
19-01-2026 11:40:30	2.3800	2.6	b
19-01-2026 11:40:30	2.3900	1.6	s
19-01-2026 11:40:19	2.3900	3.3	s
19-01-2026 11:40:17	2.3800	2.8	b
19-01-2026 11:40:08	2.3800	3.1	b
19-01-2026 11:40:08	2.3800	2.4	b
19-01-2026 11:39:41	2.3800	2.1	b
19-01-2026 11:39:30	2.3900	2.1	s
19-01-2026 11:39:27	2.3800	8.3	b
19-01-2026 11:39:26	2.3900	0.2	s
19-01-2026 11:38:37	2.3800	2.1	b
19-01-2026 11:38:31	2.3900	0.6	s
19-01-2026 11:38:30	2.3800	2.9	b
19-01-2026 11:38:30	2.3900	0.1	s
19-01-2026 11:38:08	2.3900	2.3	s
19-01-2026 11:38:07	2.3800	9.1	b
19-01-2026 11:37:41	2.3800	2.4	b
19-01-2026 11:37:28	2.3800	2.3	b
19-01-2026 11:37:27	2.3800	8.3	b
19-01-2026 11:37:23	2.3900	0.7	s
19-01-2026 11:37:23	2.3800	2.5	b
19-01-2026 11:37:09	2.3900	2.2	s
19-01-2026 11:36:59	2.3900	1.5	s
19-01-2026 11:36:32	2.3800	2.2	b
19-01-2026 11:36:28	2.3800	0.3	b
19-01-2026 11:36:19	2.3800	1.5	b
19-01-2026 11:36:07	2.3800	12.7	b
19-01-2026 11:35:40	2.3800	2.2	b
19-01-2026 11:35:28	2.3800	5	b
19-01-2026 11:35:17	2.3800	2.2	b
19-01-2026 11:34:41	2.3800	2.1	b
19-01-2026 11:34:31	2.3900	0.6	s
19-01-2026 11:34:18	2.3800	4	b
19-01-2026 11:34:18	2.3800	10	b
19-01-2026 11:33:41	2.3800	12.5	b
19-01-2026 11:33:36	2.3800	4.3	b
19-01-2026 11:33:36	2.3900	22.9	s
19-01-2026 11:33:21	2.3800	3.3	b
19-01-2026 11:33:19	2.3900	0.7	s
19-01-2026 11:33:13	2.3900	1.6	s
19-01-2026 11:33:02	2.3800	0.5	b
19-01-2026 11:32:24	2.3900	0.1	s
19-01-2026 11:32:19	2.3800	2.9	b
19-01-2026 11:32:19	2.3900	0.6	s
19-01-2026 11:32:12	2.3800	2.1	b
19-01-2026 11:32:11	2.3900	0.6	s
19-01-2026 11:31:54	2.3800	8.9	b
19-01-2026 11:31:43	2.3800	3.9	b
19-01-2026 11:30:56	2.3800	3	b
19-01-2026 11:30:55	2.3800	2	b
19-01-2026 11:30:45	2.3900	4	s
19-01-2026 11:30:39	2.3900	1.1	s
19-01-2026 11:30:34	2.3800	10	b
19-01-2026 11:30:34	2.3800	3	b
19-01-2026 11:30:33	2.3800	3.3	b
19-01-2026 11:30:33	2.3800	7	b
19-01-2026 11:30:18	2.3900	0.7	s
19-01-2026 11:30:04	2.3900	0.6	s
19-01-2026 11:29:42	2.3800	0.7	b
19-01-2026 11:29:32	2.3900	1.6	s
19-01-2026 11:29:21	2.3800	3	b
19-01-2026 11:28:40	2.3800	3.2	b
19-01-2026 11:28:40	2.3900	4	s
19-01-2026 11:28:22	2.3800	0.4	b
19-01-2026 11:28:22	2.3900	0.1	s
19-01-2026 11:28:19	2.3900	0.1	s
19-01-2026 11:28:12	2.3900	0.6	s
19-01-2026 11:28:08	2.3800	3.3	b
19-01-2026 11:28:05	2.3800	0.4	b
19-01-2026 11:28:05	2.3800	2.3	b
19-01-2026 11:27:43	2.3900	0.7	s
19-01-2026 11:27:27	2.3800	3.4	b
19-01-2026 11:27:09	2.3800	1.2	b
19-01-2026 11:26:40	2.3900	1.2	s
19-01-2026 11:26:36	2.3800	3.7	b
19-01-2026 11:26:35	2.3800	10.6	b
19-01-2026 11:26:15	2.3800	0.7	b
19-01-2026 11:26:11	2.3900	0.6	s
19-01-2026 11:26:10	2.3800	1.4	b
19-01-2026 11:26:06	2.3800	2.3	b
19-01-2026 11:25:28	2.3900	0.2	s
19-01-2026 11:24:41	2.3800	2.5	b
19-01-2026 11:24:19	2.3900	0.7	s
19-01-2026 11:23:41	2.3800	2.2	b
19-01-2026 11:23:40	2.3900	1.7	s
19-01-2026 11:23:40	2.3900	1.3	s
19-01-2026 11:23:00	2.3800	0.4	b
19-01-2026 11:22:38	2.3800	5.1	b
19-01-2026 11:22:28	2.3800	8	b
19-01-2026 11:22:20	2.3800	2.4	b
19-01-2026 11:21:31	2.3800	0.5	b
19-01-2026 11:21:03	2.3800	2.5	b
19-01-2026 11:21:00	2.3800	3	b
19-01-2026 11:20:59	2.3900	3	s
19-01-2026 11:20:41	2.3800	4	b
19-01-2026 11:20:21	2.3800	2	b
19-01-2026 11:20:18	2.3800	5.2	b
19-01-2026 11:20:06	2.3900	1.5	s
19-01-2026 11:20:01	2.3900	0.1	s
19-01-2026 11:19:53	2.3900	0.1	s
19-01-2026 11:19:31	2.3900	0.6	s
19-01-2026 11:19:15	2.3900	0.1	s
19-01-2026 11:18:09	2.3800	0.2	b
19-01-2026 11:17:40	2.3800	3.3	b
19-01-2026 11:17:40	2.3800	7.8	b
19-01-2026 11:16:54	2.3900	1.7	s
19-01-2026 11:16:48	2.3800	2.3	b
19-01-2026 11:16:19	2.3800	1.2	b
19-01-2026 11:16:13	2.3900	1.6	s
19-01-2026 11:16:07	2.3900	2.9	s
19-01-2026 11:16:07	2.3800	4.2	b
19-01-2026 11:16:06	2.3900	20.5	s
19-01-2026 11:15:10	2.3900	2	s
19-01-2026 11:15:03	2.3800	1.5	b
19-01-2026 11:15:02	2.3800	3.8	b
19-01-2026 11:15:02	2.3800	5.6	b
19-01-2026 11:14:40	2.3800	3.1	b
19-01-2026 11:14:24	2.3800	0.2	b
19-01-2026 11:14:24	2.3900	0.7	s
19-01-2026 11:14:10	2.3900	0.6	s
19-01-2026 11:14:07	2.3900	2	s
19-01-2026 11:14:05	2.3800	4.6	b
19-01-2026 11:13:55	2.3800	0.1	b
19-01-2026 11:13:43	2.3900	1	s
19-01-2026 11:13:29	2.3900	5	s
19-01-2026 11:13:04	2.3900	1.3	s
19-01-2026 11:12:50	2.3800	1.4	b
19-01-2026 11:12:32	2.3800	14.4	b
19-01-2026 11:11:19	2.3900	0.9	s
19-01-2026 11:11:08	2.3900	2.2	s
19-01-2026 11:11:06	2.3800	7.7	b
19-01-2026 11:10:53	2.3900	0.9	s
19-01-2026 11:10:27	2.3800	2.2	b
19-01-2026 11:10:20	2.3800	2.3	b
19-01-2026 11:09:19	2.3900	1.6	s
19-01-2026 11:08:24	2.3800	1.2	b
19-01-2026 11:08:13	2.3800	0.2	b
19-01-2026 11:07:56	2.3800	0.1	b
19-01-2026 11:07:50	2.3800	0.3	b
19-01-2026 11:07:47	2.3900	0.1	s
19-01-2026 11:07:12	2.3800	0.5	b
19-01-2026 11:06:23	2.3800	3.2	b
19-01-2026 11:06:13	2.3900	0.7	s
19-01-2026 11:06:13	2.3800	2	b
19-01-2026 11:06:04	2.3900	0.1	s
19-01-2026 11:06:01	2.3900	0.2	s
19-01-2026 11:06:01	2.3800	9	b
19-01-2026 11:05:36	2.3900	2.3	s
19-01-2026 11:05:36	2.3900	0.5	s
19-01-2026 11:05:36	2.3900	1.6	s
19-01-2026 11:04:30	2.3900	0.6	s
19-01-2026 11:04:07	2.3800	3.5	b
19-01-2026 11:03:56	2.3900	0.5	s
19-01-2026 11:02:34	2.3800	2.3	b
19-01-2026 11:02:20	2.3900	0.1	s
19-01-2026 11:01:49	2.3900	1.6	s
19-01-2026 11:01:47	2.3900	1	s
19-01-2026 11:01:47	2.3800	2.6	b
19-01-2026 11:01:46	2.3800	4.9	b
19-01-2026 11:01:29	2.3900	0.7	s
19-01-2026 11:00:52	2.3900	1.8	s
19-01-2026 11:00:43	2.3800	2	b
19-01-2026 11:00:28	2.3900	0.6	s
19-01-2026 10:59:18	2.3800	8.2	b
19-01-2026 10:58:34	2.3900	0.6	s
19-01-2026 10:58:28	2.3900	2.2	s
19-01-2026 10:58:27	2.3900	1.6	s
19-01-2026 10:58:27	2.3900	10	s
19-01-2026 10:58:03	2.3900	1.6	s
19-01-2026 10:57:19	2.3800	2.3	b
19-01-2026 10:57:04	2.3900	0.7	s
19-01-2026 10:56:45	2.3800	2.3	b
19-01-2026 10:56:14	2.3900	0.6	s
19-01-2026 10:55:17	2.3900	1.2	s
19-01-2026 10:55:08	2.3800	2	b
19-01-2026 10:54:16	2.3900	2.1	s
19-01-2026 10:54:16	2.3800	7.8	b
19-01-2026 10:53:54	2.3900	2.1	s
19-01-2026 10:52:48	2.3900	0.3	s
19-01-2026 10:52:30	2.3900	0.1	s
19-01-2026 10:52:09	2.3900	0.7	s
19-01-2026 10:51:54	2.3900	0.6	s
19-01-2026 10:51:50	2.3800	2.1	b
19-01-2026 10:51:34	2.3900	0.1	s
19-01-2026 10:51:31	2.3900	1.6	s
19-01-2026 10:50:53	2.3900	0.1	s
19-01-2026 10:50:42	2.3800	6	b
19-01-2026 10:50:02	2.3800	2.3	b
19-01-2026 10:49:09	2.3800	4.4	b
19-01-2026 10:49:00	2.3800	3.4	b
19-01-2026 10:48:30	2.3900	1.3	s
19-01-2026 10:47:52	2.3900	1.6	s
19-01-2026 10:47:52	2.3900	5.1	s
19-01-2026 10:47:43	2.3900	0.6	s
19-01-2026 10:47:23	2.3900	2.1	s
19-01-2026 10:47:20	2.3800	3	b
19-01-2026 10:47:00	2.3800	2.3	b
19-01-2026 10:46:51	2.3900	0.7	s
19-01-2026 10:45:46	2.3800	0.6	b
19-01-2026 10:45:14	2.3900	1.4	s
19-01-2026 10:45:10	2.3800	2.4	b
19-01-2026 10:44:40	2.3800	2.5	b
19-01-2026 10:43:49	2.3800	5.4	b
19-01-2026 10:43:44	2.3800	2.8	b
19-01-2026 10:42:24	2.3900	1.2	s
19-01-2026 10:41:40	2.3800	2.3	b
19-01-2026 10:41:12	2.3900	5	s
19-01-2026 10:40:49	2.3900	0.6	s
19-01-2026 10:40:39	2.3800	0.3	b
19-01-2026 10:40:07	2.3800	0.1	b
19-01-2026 10:40:06	2.3800	2.1	b
19-01-2026 10:39:44	2.3800	6.6	b
19-01-2026 10:39:21	2.3900	1.3	s
19-01-2026 10:38:20	2.3900	1.5	s
19-01-2026 10:38:19	2.3900	0.1	s
19-01-2026 10:37:01	2.3800	4.8	b
19-01-2026 10:36:55	2.3800	3.7	b
19-01-2026 10:36:45	2.3800	2.3	b
19-01-2026 10:35:48	2.3900	1.5	s
19-01-2026 10:35:11	2.3800	2.2	b
19-01-2026 10:34:49	2.3900	0.6	s
19-01-2026 10:34:38	2.3800	4.7	b
19-01-2026 10:33:39	2.3900	0.1	s
19-01-2026 10:33:26	2.3800	2.1	b
19-01-2026 10:32:47	2.3900	0.7	s
19-01-2026 10:32:16	2.3900	1.5	s
19-01-2026 10:31:59	2.3800	2.3	b
19-01-2026 10:31:50	2.3900	0.6	s
19-01-2026 10:31:47	2.3800	5.1	b
19-01-2026 10:30:32	2.3800	2.1	b
19-01-2026 10:28:33	2.3900	1.6	s
19-01-2026 10:28:17	2.3900	2.4	s
19-01-2026 10:28:17	2.3800	5.2	b
19-01-2026 10:28:01	2.3900	0.6	s
19-01-2026 10:27:11	2.3900	0.6	s
19-01-2026 10:26:39	2.3800	2.1	b
19-01-2026 10:26:29	2.3800	3.3	b
19-01-2026 10:25:55	2.3800	4	b
19-01-2026 10:25:09	2.3800	2.3	b
19-01-2026 10:24:48	2.3900	1.6	s
19-01-2026 10:24:01	2.3800	5.4	b
19-01-2026 10:23:39	2.3800	3	b
19-01-2026 10:23:10	2.3800	2.4	b
19-01-2026 10:22:48	2.3800	2.4	b
19-01-2026 10:22:23	2.3800	2.3	b
19-01-2026 10:21:43	2.3900	1.3	s
19-01-2026 10:21:37	2.3800	2.3	b
19-01-2026 10:21:01	2.3800	3.7	b
19-01-2026 10:20:23	2.3800	2.4	b
19-01-2026 10:20:13	2.3800	2.3	b
19-01-2026 10:19:16	2.3800	3.3	b
19-01-2026 10:19:15	2.3800	3.4	b
19-01-2026 10:18:47	2.3800	2.3	b
19-01-2026 10:18:44	2.3900	0.6	s
19-01-2026 10:18:38	2.3800	2.1	b
19-01-2026 10:18:28	2.3900	1.4	s
19-01-2026 10:18:18	2.3800	0.2	b
19-01-2026 10:17:22	2.3800	3.7	b
19-01-2026 10:17:04	2.3800	2.2	b
19-01-2026 10:16:39	2.3800	2.2	b
19-01-2026 10:16:32	2.3900	0.1	s
19-01-2026 10:16:09	2.3900	0.1	s
19-01-2026 10:15:57	2.3900	3.1	s
19-01-2026 10:15:53	2.3800	2.4	b
19-01-2026 10:15:52	2.3800	27.2	b
19-01-2026 10:15:42	2.3800	2.8	b
19-01-2026 10:14:46	2.3800	2.6	b
19-01-2026 10:14:43	2.3900	1.6	s
19-01-2026 10:14:33	2.3800	2.3	b
19-01-2026 10:14:01	2.3800	2.3	b
19-01-2026 10:13:15	2.3800	5	b
19-01-2026 10:12:20	2.3800	3.8	b
19-01-2026 10:11:23	2.3900	0.2	s
19-01-2026 10:11:18	2.3800	2.4	b
19-01-2026 10:11:17	2.3800	2.4	b
19-01-2026 10:11:00	2.3800	2.4	b
19-01-2026 10:10:59	2.3900	1.6	s
19-01-2026 10:10:29	2.3800	0.4	b
19-01-2026 10:10:01	2.3800	2.3	b
19-01-2026 10:08:52	2.3800	2.3	b
19-01-2026 10:08:37	2.3800	0.1	b
19-01-2026 10:07:54	2.3800	2.3	b
19-01-2026 10:07:43	2.3800	0.1	b
19-01-2026 10:07:42	2.3800	2.1	b
19-01-2026 10:07:13	2.3900	1.6	s
19-01-2026 10:06:24	2.3800	2.8	b
19-01-2026 10:06:04	2.3800	0.1	b
19-01-2026 10:05:51	2.3900	3.2	s
19-01-2026 10:05:48	2.3800	2.3	b
19-01-2026 10:05:47	2.3900	40	s
19-01-2026 10:05:42	2.3900	2.5	s
19-01-2026 10:05:28	2.3800	2.6	b
19-01-2026 10:05:22	2.3900	8	s
19-01-2026 10:04:43	2.3900	10	s
19-01-2026 10:04:38	2.3800	0.1	b
19-01-2026 10:04:38	2.3800	2.4	b
19-01-2026 10:04:27	2.3800	3	b
19-01-2026 10:03:54	2.3800	2.1	b
19-01-2026 10:03:54	2.3900	2.3	s
19-01-2026 10:03:53	2.3800	2.3	b
19-01-2026 10:03:03	2.3800	0.1	b
19-01-2026 10:03:01	2.3800	2.8	b
19-01-2026 10:02:28	2.3800	0.7	b
19-01-2026 10:02:15	2.3800	2.6	b
19-01-2026 10:02:02	2.3800	2.5	b
19-01-2026 10:01:38	2.3800	0.1	b
19-01-2026 10:01:36	2.3800	2.2	b
19-01-2026 10:00:57	2.3800	2.3	b
19-01-2026 10:00:17	2.3800	2.3	b
19-01-2026 10:00:04	2.3900	0.2	s
19-01-2026 09:59:53	2.3900	1	s
19-01-2026 09:59:39	2.3800	2.6	b
19-01-2026 09:59:36	2.3800	2.3	b
19-01-2026 09:58:58	2.3900	0.1	s
19-01-2026 09:58:58	2.3800	0.1	b
19-01-2026 09:58:57	2.3800	2.2	b
19-01-2026 09:58:19	2.3900	10	s
19-01-2026 09:58:02	2.3800	2.9	b
19-01-2026 09:57:32	2.3800	2.2	b
19-01-2026 09:57:26	2.3900	1	s
19-01-2026 09:57:18	2.3800	2.4	b
19-01-2026 09:56:29	2.3800	0.1	b
19-01-2026 09:56:27	2.3800	2	b
19-01-2026 09:56:27	2.3800	2.8	b
19-01-2026 09:55:41	2.3800	2.6	b
19-01-2026 09:55:33	2.3800	2.1	b
19-01-2026 09:54:52	2.3800	0.1	b
19-01-2026 09:54:52	2.3800	2.8	b
19-01-2026 09:54:11	2.3800	2.4	b
19-01-2026 09:53:24	2.3800	2.8	b
19-01-2026 09:53:19	2.3800	2.5	b
19-01-2026 09:52:40	2.3800	2.7	b
19-01-2026 09:52:04	2.3800	2.1	b
19-01-2026 09:52:03	2.3800	1.5	b
19-01-2026 09:52:03	2.3800	3	b
19-01-2026 09:52:02	2.3800	28.4	b
19-01-2026 09:52:02	2.3900	727.9	b
19-01-2026 09:51:47	2.3900	3.2	b
19-01-2026 09:51:12	2.3900	2.1	b
19-01-2026 09:51:04	2.3900	2.6	b
19-01-2026 09:50:42	2.3900	0.1	b
19-01-2026 09:50:35	2.3900	2.2	b
19-01-2026 09:49:59	2.3900	2.1	b
19-01-2026 09:48:58	2.3900	3.4	b
19-01-2026 09:48:21	2.3900	2.9	b
19-01-2026 09:48:17	2.3900	2.1	b
19-01-2026 09:47:16	2.3900	3	b
19-01-2026 09:46:52	2.4000	1	s
19-01-2026 09:46:43	2.4000	5	s
19-01-2026 09:46:08	2.3900	3.2	b
19-01-2026 09:46:02	2.3900	2.3	b
19-01-2026 09:46:02	2.4000	3.5	s
19-01-2026 09:46:01	2.3900	11.4	b
19-01-2026 09:45:50	2.3900	1	b
19-01-2026 09:45:30	2.3900	2.6	b
19-01-2026 09:44:07	2.4000	0.7	s
19-01-2026 09:43:09	2.3900	2.2	b
19-01-2026 09:42:17	2.4000	50	s
19-01-2026 09:41:31	2.3900	2.3	b
19-01-2026 09:40:48	2.3900	0.8	b
19-01-2026 09:40:31	2.3900	2.8	b
19-01-2026 09:38:28	2.4000	0.7	s
19-01-2026 09:38:27	2.3900	2.3	b
19-01-2026 09:38:01	2.3900	0.8	b
19-01-2026 09:37:39	2.4000	0.3	s
19-01-2026 09:37:14	2.4000	1	s
19-01-2026 09:37:12	2.3900	4.6	b
19-01-2026 09:35:48	2.3900	3	b
19-01-2026 09:35:41	2.4000	0.7	s
19-01-2026 09:35:20	2.3900	0.8	b
19-01-2026 09:34:33	2.4000	4.9	s
19-01-2026 09:34:10	2.3900	2	b
19-01-2026 09:34:05	2.3900	2.9	b
19-01-2026 09:33:29	2.4000	0.7	s
19-01-2026 09:33:17	2.3900	0.8	b
19-01-2026 09:32:39	2.3900	3.4	b
19-01-2026 09:32:32	2.3900	2.2	b
19-01-2026 09:32:13	2.3900	2	b
19-01-2026 09:31:32	2.4000	0.7	s
19-01-2026 09:31:30	2.3900	0.8	b
19-01-2026 09:30:58	2.3900	4.8	b
19-01-2026 09:30:30	2.3900	5.6	b
19-01-2026 09:30:05	2.3900	3.3	b
19-01-2026 09:29:53	2.3900	3.2	b
19-01-2026 09:29:29	2.3900	5.4	b
19-01-2026 09:29:10	2.4000	0.7	s
19-01-2026 09:28:21	2.3900	3.3	b
19-01-2026 09:27:55	2.3900	2.5	b
19-01-2026 09:26:41	2.3900	3.8	b
19-01-2026 09:25:28	2.4000	0.7	s
19-01-2026 09:25:26	2.3900	2.4	b
19-01-2026 09:25:11	2.3900	2.4	b
19-01-2026 09:24:10	2.3900	2.2	b
19-01-2026 09:23:13	2.3900	2	b
19-01-2026 09:22:43	2.3900	2.5	b
19-01-2026 09:21:31	2.3900	3.7	b
19-01-2026 09:21:19	2.3900	4.2	b
19-01-2026 09:20:41	2.3900	2	b
19-01-2026 09:20:20	2.4000	0.1	s
19-01-2026 09:19:48	2.4000	0.7	s
19-01-2026 09:19:47	2.3900	3.2	b
19-01-2026 09:18:46	2.3900	2.6	b
19-01-2026 09:17:44	2.3900	2.4	b
19-01-2026 09:17:31	2.4000	0.7	s
19-01-2026 09:16:23	2.3900	5	b
19-01-2026 09:16:02	2.3900	3.8	b
19-01-2026 09:15:11	2.4000	0.7	s
19-01-2026 09:12:52	2.4000	0.1	s
19-01-2026 09:12:46	2.4000	5	s
19-01-2026 09:12:44	2.3900	3	b
19-01-2026 09:11:38	2.4000	3.7	s
19-01-2026 09:11:15	2.3900	2.3	b
19-01-2026 09:10:30	2.3900	3.1	b
19-01-2026 09:09:58	2.3900	2.3	b
19-01-2026 09:09:37	2.4000	1.3	s
19-01-2026 09:09:08	2.3900	0.1	b
19-01-2026 09:08:46	2.4000	0.7	s
19-01-2026 09:08:45	2.4000	1.6	s
19-01-2026 09:08:41	2.3900	2.3	b
19-01-2026 09:08:15	2.3900	2.1	b
19-01-2026 09:08:13	2.4000	0.1	s
19-01-2026 09:07:37	2.3900	3.2	b
19-01-2026 09:07:00	2.3900	3.3	b
19-01-2026 09:06:28	2.4000	1.6	s
19-01-2026 09:05:47	2.3900	0.9	b
19-01-2026 09:05:29	2.4000	0.1	s
19-01-2026 09:05:29	2.4000	50	s
19-01-2026 09:05:10	2.3900	2.6	b
19-01-2026 09:04:58	2.4000	0.1	s
19-01-2026 09:04:58	2.4000	0.1	s
19-01-2026 09:04:52	2.3900	2.2	b
19-01-2026 09:04:47	2.4000	1.7	s
19-01-2026 09:04:47	2.4000	100	s
19-01-2026 09:04:31	2.3900	2.4	b
19-01-2026 09:04:13	2.3900	2.3	b
19-01-2026 09:03:54	2.3900	2.3	b
19-01-2026 09:03:37	2.3900	2.3	b
19-01-2026 09:03:14	2.3900	3.2	b
19-01-2026 09:02:59	2.3900	2.2	b
19-01-2026 09:02:43	2.3900	2.6	b
19-01-2026 09:02:37	2.3900	4.9	b
19-01-2026 09:02:37	2.4000	50	s
19-01-2026 09:02:25	2.3900	3	b
19-01-2026 09:02:10	2.3900	2.3	b
19-01-2026 09:01:57	2.3900	2.3	b
19-01-2026 09:01:43	2.3900	2.7	b
19-01-2026 09:01:18	2.3900	2.2	b
19-01-2026 09:00:11	2.3900	19	b
19-01-2026 09:00:06	2.4000	0.2	s
19-01-2026 09:00:04	2.3900	8.3	b
19-01-2026 09:00:01	2.4000	831.3	b
19-01-2026 09:00:01	2.4000	21.6	b
19-01-2026 09:00:01	2.4100	0.5	s
19-01-2026 09:00:01	2.4000	62.3	b
19-01-2026 09:00:01	2.4000	20.6	b
19-01-2026 08:58:18	2.4100	258.8	b
