Time	Price	Vol(k)	W
19-01-2026 16:37:57	2.8500	1.8	b
19-01-2026 16:37:50	2.8600	4.6	s
19-01-2026 16:37:46	2.8600	0.2	s
19-01-2026 16:37:41	2.8600	0.2	s
19-01-2026 16:37:35	2.8600	0.4	s
19-01-2026 16:37:17	2.8600	0.3	s
19-01-2026 16:37:17	2.8500	0.1	b
19-01-2026 16:37:13	2.8600	0.2	s
19-01-2026 16:37:08	2.8600	0.1	s
19-01-2026 16:37:08	2.8600	0.1	s
19-01-2026 16:36:39	2.8500	0.1	b
19-01-2026 16:36:39	2.8600	0.2	s
19-01-2026 16:36:38	2.8600	0.4	s
19-01-2026 16:36:35	2.8500	1.3	b
19-01-2026 16:36:08	2.8600	0.1	s
19-01-2026 16:36:06	2.8600	0.2	s
19-01-2026 16:35:45	2.8600	0.1	s
19-01-2026 16:35:31	2.8600	0.2	s
19-01-2026 16:35:27	2.8600	0.3	s
19-01-2026 16:35:17	2.8600	0.3	s
19-01-2026 16:35:11	2.8600	0.8	s
19-01-2026 16:35:09	2.8500	4.2	b
19-01-2026 16:35:08	2.8500	0.6	b
19-01-2026 16:34:56	2.8600	1	s
19-01-2026 16:34:52	2.8600	0.2	s
19-01-2026 16:34:46	2.8600	0.2	s
19-01-2026 16:34:31	2.8600	0.3	s
19-01-2026 16:34:19	2.8600	0.2	s
19-01-2026 16:34:11	2.8600	0.2	s
19-01-2026 16:33:40	2.8600	0.4	s
19-01-2026 16:33:39	2.8600	0.3	s
19-01-2026 16:33:12	2.8600	0.2	s
19-01-2026 16:33:10	2.8600	0.7	s
19-01-2026 16:33:09	2.8600	0.3	s
19-01-2026 16:33:03	2.8500	2.7	b
19-01-2026 16:32:54	2.8600	0.3	s
19-01-2026 16:32:50	2.8600	0.1	s
19-01-2026 16:32:37	2.8500	0.1	b
19-01-2026 16:32:28	2.8600	0.4	s
19-01-2026 16:32:24	2.8600	0.2	s
19-01-2026 16:31:49	2.8500	1.6	b
19-01-2026 16:31:38	2.8600	0.2	s
19-01-2026 16:31:14	2.8600	0.7	s
19-01-2026 16:31:00	2.8500	1.3	b
19-01-2026 16:30:54	2.8600	0.1	s
19-01-2026 16:30:31	2.8600	2.5	s
19-01-2026 16:30:19	2.8600	0.3	s
19-01-2026 16:30:13	2.8500	4.2	b
19-01-2026 16:30:05	2.8600	0.3	s
19-01-2026 16:30:03	2.8500	4.9	b
19-01-2026 16:29:16	2.8600	1.9	s
19-01-2026 16:29:15	2.8600	3.7	s
19-01-2026 16:28:58	2.8600	0.2	s
19-01-2026 16:28:18	2.8600	0.1	s
19-01-2026 16:28:12	2.8600	0.1	s
19-01-2026 16:28:10	2.8500	0.1	b
19-01-2026 16:28:06	2.8600	0.9	s
19-01-2026 16:27:56	2.8600	0.3	s
19-01-2026 16:27:56	2.8600	0.3	s
19-01-2026 16:27:51	2.8600	0.1	s
19-01-2026 16:27:25	2.8500	0.1	b
19-01-2026 16:27:20	2.8600	0.2	s
19-01-2026 16:26:56	2.8600	0.1	s
19-01-2026 16:26:38	2.8600	0.2	s
19-01-2026 16:26:35	2.8600	0.3	s
19-01-2026 16:25:38	2.8600	0.1	s
19-01-2026 16:25:37	2.8600	0.4	s
19-01-2026 16:25:35	2.8600	0.4	s
19-01-2026 16:25:32	2.8600	8	s
19-01-2026 16:25:32	2.8600	10	s
19-01-2026 16:25:25	2.8600	0.6	s
19-01-2026 16:24:58	2.8500	0.1	b
19-01-2026 16:24:51	2.8600	0.3	s
19-01-2026 16:24:45	2.8600	0.2	s
19-01-2026 16:24:44	2.8600	0.1	s
19-01-2026 16:24:43	2.8600	0.1	s
19-01-2026 16:24:40	2.8600	3.6	s
19-01-2026 16:24:32	2.8600	0.3	s
19-01-2026 16:24:30	2.8600	0.9	s
19-01-2026 16:24:29	2.8600	2.1	s
19-01-2026 16:24:22	2.8500	1.3	b
19-01-2026 16:24:08	2.8600	0.3	s
19-01-2026 16:23:45	2.8600	0.1	s
19-01-2026 16:23:36	2.8600	0.2	s
19-01-2026 16:23:34	2.8600	0.2	s
19-01-2026 16:23:32	2.8600	0.1	s
19-01-2026 16:23:16	2.8600	3.6	s
19-01-2026 16:22:46	2.8600	0.1	s
19-01-2026 16:22:36	2.8600	0.2	s
19-01-2026 16:22:35	2.8600	0.1	s
19-01-2026 16:22:33	2.8600	0.3	s
19-01-2026 16:22:26	2.8600	0.2	s
19-01-2026 16:22:23	2.8600	2.3	s
19-01-2026 16:22:22	2.8600	2.8	s
19-01-2026 16:22:20	2.8600	0.3	s
19-01-2026 16:22:19	2.8600	2	s
19-01-2026 16:22:06	2.8600	0.1	s
19-01-2026 16:22:06	2.8600	0.1	s
19-01-2026 16:21:37	2.8600	0.3	s
19-01-2026 16:21:36	2.8600	0.2	s
19-01-2026 16:21:29	2.8600	2	s
19-01-2026 16:21:22	2.8600	0.1	s
19-01-2026 16:21:16	2.8600	0.8	s
19-01-2026 16:21:00	2.8500	0.1	b
19-01-2026 16:20:59	2.8600	0.1	s
19-01-2026 16:20:48	2.8600	0.3	s
19-01-2026 16:20:32	2.8600	0.2	s
19-01-2026 16:20:27	2.8600	0.1	s
19-01-2026 16:20:07	2.8600	0.1	s
19-01-2026 16:19:51	2.8600	0.1	s
19-01-2026 16:19:33	2.8600	0.3	s
19-01-2026 16:19:27	2.8600	0.1	s
19-01-2026 16:19:22	2.8600	2	s
19-01-2026 16:18:52	2.8600	0.1	s
19-01-2026 16:18:52	2.8600	0.2	s
19-01-2026 16:18:52	2.8600	0.2	s
19-01-2026 16:18:31	2.8600	0.1	s
19-01-2026 16:17:58	2.8600	0.1	s
19-01-2026 16:17:51	2.8600	0.1	s
19-01-2026 16:17:43	2.8600	0.1	s
19-01-2026 16:17:41	2.8600	0.6	s
19-01-2026 16:17:40	2.8500	0.1	b
19-01-2026 16:17:20	2.8600	0.7	s
19-01-2026 16:17:12	2.8600	0.3	s
19-01-2026 16:17:11	2.8600	0.1	s
19-01-2026 16:16:55	2.8600	0.2	s
19-01-2026 16:16:15	2.8600	0.1	s
19-01-2026 16:16:13	2.8600	0.5	s
19-01-2026 16:15:35	2.8600	0.1	s
19-01-2026 16:15:22	2.8600	0.2	s
19-01-2026 16:15:11	2.8600	0.3	s
19-01-2026 16:15:11	2.8500	2.1	b
19-01-2026 16:15:08	2.8500	1.2	b
19-01-2026 16:15:07	2.8500	0.1	b
19-01-2026 16:14:55	2.8600	0.1	s
19-01-2026 16:14:55	2.8600	0.2	s
19-01-2026 16:14:54	2.8600	0.1	s
19-01-2026 16:14:37	2.8600	0.2	s
19-01-2026 16:14:34	2.8500	0.1	b
19-01-2026 16:14:24	2.8600	0.1	s
19-01-2026 16:14:01	2.8600	0.2	s
19-01-2026 16:13:50	2.8600	0.1	s
19-01-2026 16:13:47	2.8600	0.1	s
19-01-2026 16:13:27	2.8600	0.1	s
19-01-2026 16:13:20	2.8600	0.3	s
19-01-2026 16:13:10	2.8600	0.2	s
19-01-2026 16:12:55	2.8600	0.1	s
19-01-2026 16:12:50	2.8600	0.1	s
19-01-2026 16:12:50	2.8600	3.4	s
19-01-2026 16:12:21	2.8600	0.4	s
19-01-2026 16:11:29	2.8600	0.3	s
19-01-2026 16:11:26	2.8600	0.1	s
19-01-2026 16:11:26	2.8600	0.1	s
19-01-2026 16:11:00	2.8600	0.1	s
19-01-2026 16:10:53	2.8600	0.1	s
19-01-2026 16:10:39	2.8600	0.1	s
19-01-2026 16:10:25	2.8600	0.2	s
19-01-2026 16:10:14	2.8600	0.1	s
19-01-2026 16:10:02	2.8500	2.6	b
19-01-2026 16:09:49	2.8600	0.1	s
19-01-2026 16:09:43	2.8600	0.1	s
19-01-2026 16:09:34	2.8600	0.3	s
19-01-2026 16:09:25	2.8600	0.1	s
19-01-2026 16:09:07	2.8600	0.1	s
19-01-2026 16:08:58	2.8600	0.1	s
19-01-2026 16:08:55	2.8600	0.3	s
19-01-2026 16:08:54	2.8600	0.2	s
19-01-2026 16:08:51	2.8600	0.8	s
19-01-2026 16:08:48	2.8600	0.7	s
19-01-2026 16:08:07	2.8600	0.1	s
19-01-2026 16:07:54	2.8600	0.3	s
19-01-2026 16:07:22	2.8600	0.1	s
19-01-2026 16:07:01	2.8600	0.1	s
19-01-2026 16:06:34	2.8600	0.1	s
19-01-2026 16:06:25	2.8600	0.3	s
19-01-2026 16:05:45	2.8600	0.1	s
19-01-2026 16:05:36	2.8600	0.3	s
19-01-2026 16:05:32	2.8600	0.3	s
19-01-2026 16:04:59	2.8600	0.1	s
19-01-2026 16:04:55	2.8600	0.3	s
19-01-2026 16:04:44	2.8600	3	s
19-01-2026 16:04:41	2.8600	0.1	s
19-01-2026 16:04:33	2.8600	0.3	s
19-01-2026 16:04:20	2.8600	0.1	s
19-01-2026 16:04:00	2.8600	0.1	s
19-01-2026 16:03:40	2.8600	0.1	s
19-01-2026 16:03:40	2.8600	0.1	s
19-01-2026 16:03:23	2.8600	0.3	s
19-01-2026 16:03:20	2.8600	0.1	s
19-01-2026 16:03:13	2.8600	0.1	s
19-01-2026 16:03:00	2.8600	0.1	s
19-01-2026 16:02:46	2.8600	0.2	s
19-01-2026 16:02:40	2.8600	0.1	s
19-01-2026 16:02:24	2.8600	0.3	s
19-01-2026 16:02:16	2.8600	0.6	s
19-01-2026 16:02:11	2.8600	0.7	s
19-01-2026 16:02:10	2.8600	3.2	s
19-01-2026 16:01:52	2.8600	0.7	s
19-01-2026 16:01:41	2.8600	0.3	s
19-01-2026 16:01:33	2.8600	0.1	s
19-01-2026 16:00:53	2.8600	0.2	s
19-01-2026 16:00:00	2.8600	0.4	s
19-01-2026 15:59:06	2.8600	0.1	s
19-01-2026 15:58:39	2.8600	0.1	s
19-01-2026 15:58:30	2.8600	2.4	s
19-01-2026 15:58:30	2.8600	2.3	s
19-01-2026 15:58:27	2.8600	1.4	s
19-01-2026 15:58:27	2.8500	95.6	b
19-01-2026 15:55:48	2.8600	0.3	s
19-01-2026 15:52:21	2.8600	0.1	s
19-01-2026 15:52:12	2.8600	0.2	s
19-01-2026 15:52:01	2.8500	0.3	b
19-01-2026 15:51:00	2.8500	0.2	b
19-01-2026 15:50:53	2.8500	0.2	b
19-01-2026 15:50:41	2.8500	0.2	b
19-01-2026 15:50:31	2.8500	0.2	b
19-01-2026 15:50:21	2.8500	0.2	b
19-01-2026 15:50:13	2.8500	0.2	b
19-01-2026 15:50:03	2.8500	0.2	b
19-01-2026 15:50:02	2.8500	2.6	b
19-01-2026 15:49:43	2.8600	0.1	s
19-01-2026 15:49:00	2.8600	3.7	s
19-01-2026 15:48:50	2.8600	1	s
19-01-2026 15:48:50	2.8600	6.2	s
19-01-2026 15:48:50	2.8600	22	s
19-01-2026 15:48:49	2.8600	9.1	s
19-01-2026 15:48:45	2.8500	0.2	b
19-01-2026 15:48:36	2.8500	0.2	b
19-01-2026 15:48:29	2.8500	0.2	b
19-01-2026 15:48:20	2.8500	0.2	b
19-01-2026 15:48:12	2.8500	0.2	b
19-01-2026 15:48:04	2.8500	0.2	b
19-01-2026 15:47:56	2.8500	0.2	b
19-01-2026 15:47:48	2.8500	0.2	b
19-01-2026 15:47:40	2.8500	0.2	b
19-01-2026 15:47:32	2.8500	0.2	b
19-01-2026 15:47:29	2.8600	0.1	s
19-01-2026 15:47:22	2.8500	0.3	b
19-01-2026 15:47:10	2.8500	0.3	b
19-01-2026 15:46:59	2.8500	0.2	b
19-01-2026 15:46:51	2.8500	0.2	b
19-01-2026 15:46:43	2.8500	0.2	b
19-01-2026 15:46:34	2.8500	0.2	b
19-01-2026 15:46:27	2.8500	0.2	b
19-01-2026 15:46:19	2.8500	0.2	b
19-01-2026 15:46:11	2.8500	0.2	b
19-01-2026 15:46:03	2.8500	0.2	b
19-01-2026 15:45:55	2.8500	0.2	b
19-01-2026 15:45:46	2.8500	0.2	b
19-01-2026 15:45:39	2.8500	0.2	b
19-01-2026 15:45:33	2.8600	15	s
19-01-2026 15:45:30	2.8500	0.2	b
19-01-2026 15:45:22	2.8500	0.2	b
19-01-2026 15:45:13	2.8500	0.2	b
19-01-2026 15:45:06	2.8500	0.2	b
19-01-2026 15:44:56	2.8500	0.2	b
19-01-2026 15:44:49	2.8500	0.2	b
19-01-2026 15:44:43	2.8500	0.2	b
19-01-2026 15:44:41	2.8500	75	b
19-01-2026 15:44:35	2.8500	0.2	b
19-01-2026 15:44:29	2.8500	0.2	b
19-01-2026 15:44:28	2.8600	0.1	s
19-01-2026 15:44:19	2.8500	0.2	b
19-01-2026 15:44:11	2.8500	0.2	b
19-01-2026 15:44:04	2.8500	0.2	b
19-01-2026 15:44:01	2.8600	0.1	s
19-01-2026 15:43:57	2.8500	0.2	b
19-01-2026 15:43:49	2.8500	0.2	b
19-01-2026 15:43:40	2.8500	0.2	b
19-01-2026 15:43:33	2.8500	0.2	b
19-01-2026 15:43:24	2.8500	0.2	b
19-01-2026 15:43:17	2.8500	0.2	b
19-01-2026 15:43:10	2.8500	0.2	b
19-01-2026 15:43:00	2.8500	0.2	b
19-01-2026 15:42:55	2.8600	18	s
19-01-2026 15:42:53	2.8500	0.2	b
19-01-2026 15:42:45	2.8500	0.2	b
19-01-2026 15:42:37	2.8500	0.2	b
19-01-2026 15:41:48	2.8600	8	s
19-01-2026 15:41:48	2.8600	81.2	b
19-01-2026 15:41:47	2.8600	0.2	b
19-01-2026 15:41:37	2.8600	0.2	b
19-01-2026 15:41:11	2.8700	1.4	s
19-01-2026 15:41:10	2.8600	62.1	b
19-01-2026 15:39:19	2.8600	0.2	b
19-01-2026 15:39:19	2.8600	0.1	s
19-01-2026 15:39:19	2.8600	3.4	b
19-01-2026 15:39:10	2.8700	0.7	s
19-01-2026 15:39:10	2.8600	25.8	b
19-01-2026 15:39:08	2.8600	0.3	s
19-01-2026 15:39:08	2.8600	0.5	b
19-01-2026 15:39:08	2.8600	3.2	b
19-01-2026 15:39:07	2.8600	8.6	s
19-01-2026 15:39:06	2.8600	6.9	s
19-01-2026 15:39:05	2.8600	143.4	b
19-01-2026 15:38:49	2.8700	0.7	s
19-01-2026 15:38:49	2.8600	48.7	b
19-01-2026 15:38:30	2.8600	9.7	b
19-01-2026 15:38:30	2.8600	0.3	b
19-01-2026 15:38:30	2.8600	47.8	s
19-01-2026 15:38:17	2.8600	0.1	s
19-01-2026 15:38:04	2.8600	0.3	s
19-01-2026 15:37:34	2.8600	0.1	s
19-01-2026 15:37:00	2.8600	4.1	s
19-01-2026 15:36:51	2.8600	0.1	s
19-01-2026 15:36:28	2.8600	0.3	s
19-01-2026 15:34:44	2.8600	0.3	s
19-01-2026 15:34:40	2.8600	0.1	s
19-01-2026 15:34:36	2.8600	0.1	s
19-01-2026 15:34:23	2.8600	0.1	s
19-01-2026 15:33:22	2.8600	0.1	s
19-01-2026 15:32:06	2.8600	0.4	s
19-01-2026 15:31:10	2.8600	0.2	s
19-01-2026 15:30:29	2.8600	0.3	s
19-01-2026 15:30:28	2.8600	1.4	s
19-01-2026 15:30:26	2.8600	7.7	s
19-01-2026 15:30:26	2.8600	18	s
19-01-2026 15:30:05	2.8600	1.1	s
19-01-2026 15:30:02	2.8500	2.3	b
19-01-2026 15:29:58	2.8600	1.4	s
19-01-2026 15:29:30	2.8600	2.7	s
19-01-2026 15:29:16	2.8500	85	b
19-01-2026 15:28:56	2.8600	0.1	s
19-01-2026 15:26:44	2.8600	0.1	s
19-01-2026 15:26:08	2.8600	0.1	s
19-01-2026 15:25:40	2.8600	0.1	s
19-01-2026 15:24:42	2.8600	0.3	s
19-01-2026 15:22:55	2.8600	0.2	s
19-01-2026 15:22:31	2.8600	2.2	s
19-01-2026 15:21:56	2.8600	0.1	s
19-01-2026 15:20:57	2.8600	0.1	s
19-01-2026 15:20:20	2.8600	4.3	s
19-01-2026 15:20:03	2.8600	1.6	s
19-01-2026 15:18:40	2.8600	1.6	s
19-01-2026 15:16:47	2.8600	0.7	s
19-01-2026 15:16:44	2.8600	1.4	s
19-01-2026 15:16:37	2.8600	3.3	s
19-01-2026 15:16:35	2.8600	0.5	s
19-01-2026 15:16:34	2.8600	0.9	s
19-01-2026 15:16:34	2.8600	11	s
19-01-2026 15:16:12	2.8600	3	s
19-01-2026 15:16:10	2.8600	2.7	s
19-01-2026 15:16:07	2.8600	7.9	s
19-01-2026 15:16:00	2.8600	3.5	s
19-01-2026 15:15:54	2.8600	3.4	s
19-01-2026 15:15:54	2.8600	5.1	s
19-01-2026 15:15:53	2.8600	7.2	s
19-01-2026 15:15:53	2.8600	148	b
19-01-2026 15:15:52	2.8700	7.5	s
19-01-2026 15:15:50	2.8600	42.5	b
19-01-2026 15:15:50	2.8600	148.5	s
19-01-2026 15:15:08	2.8600	2	s
19-01-2026 15:14:47	2.8600	0.3	s
19-01-2026 15:14:44	2.8600	0.1	s
19-01-2026 15:13:00	2.8600	1.1	s
19-01-2026 15:13:00	2.8600	0.3	s
19-01-2026 15:12:24	2.8600	0.6	s
19-01-2026 15:12:21	2.8500	3.8	b
19-01-2026 15:12:06	2.8500	0.1	b
19-01-2026 15:10:53	2.8500	0.2	b
19-01-2026 15:10:07	2.8600	0.1	s
19-01-2026 15:10:02	2.8500	2.2	b
19-01-2026 15:09:03	2.8600	0.6	s
19-01-2026 15:07:20	2.8600	0.3	s
19-01-2026 15:07:15	2.8600	1.1	s
19-01-2026 15:06:31	2.8500	1.7	b
19-01-2026 15:04:34	2.8600	0.2	s
19-01-2026 15:03:57	2.8600	4.2	s
19-01-2026 15:02:46	2.8500	0.1	b
19-01-2026 15:01:15	2.8500	7.6	b
19-01-2026 14:59:59	2.8600	0.1	s
19-01-2026 14:59:45	2.8600	0.1	s
19-01-2026 14:59:45	2.8600	0.1	s
19-01-2026 14:59:40	2.8600	0.3	s
19-01-2026 14:58:26	2.8600	0.5	s
19-01-2026 14:58:02	2.8600	0.1	s
19-01-2026 14:58:02	2.8600	0.1	s
19-01-2026 14:57:50	2.8500	0.1	b
19-01-2026 14:56:38	2.8500	1.7	b
19-01-2026 14:56:02	2.8600	0.1	s
19-01-2026 14:55:48	2.8600	0.3	s
19-01-2026 14:55:48	2.8600	1.7	s
19-01-2026 14:55:48	2.8600	2.3	s
19-01-2026 14:55:48	2.8600	24.8	s
19-01-2026 14:55:04	2.8500	2.1	b
19-01-2026 14:55:02	2.8600	0.2	s
19-01-2026 14:55:00	2.8600	0.3	s
19-01-2026 14:53:46	2.8600	1.3	s
19-01-2026 14:53:26	2.8500	0.1	b
19-01-2026 14:53:02	2.8600	0.2	s
19-01-2026 14:52:48	2.8600	1.1	s
19-01-2026 14:52:21	2.8600	0.2	s
19-01-2026 14:51:59	2.8600	0.1	s
19-01-2026 14:51:51	2.8500	2	b
19-01-2026 14:51:02	2.8600	0.2	s
19-01-2026 14:51:02	2.8500	1.3	b
19-01-2026 14:51:00	2.8600	0.3	s
19-01-2026 14:50:49	2.8600	0.2	s
19-01-2026 14:50:47	2.8600	2	s
19-01-2026 14:50:34	2.8600	0.1	s
19-01-2026 14:50:34	2.8600	1.1	s
19-01-2026 14:50:34	2.8600	0.2	s
19-01-2026 14:50:33	2.8600	0.6	s
19-01-2026 14:50:31	2.8500	10.8	b
19-01-2026 14:50:26	2.8500	0.1	b
19-01-2026 14:50:04	2.8600	0.8	s
19-01-2026 14:50:02	2.8500	3.8	b
19-01-2026 14:49:40	2.8600	0.2	s
19-01-2026 14:49:21	2.8600	0.5	s
19-01-2026 14:49:20	2.8600	0.2	s
19-01-2026 14:49:20	2.8600	2.1	s
19-01-2026 14:49:02	2.8600	0.2	s
19-01-2026 14:49:00	2.8600	0.3	s
19-01-2026 14:48:57	2.8600	0.2	s
19-01-2026 14:48:53	2.8600	0.2	s
19-01-2026 14:48:51	2.8600	0.2	s
19-01-2026 14:48:46	2.8600	0.2	s
19-01-2026 14:48:46	2.8500	0.1	b
19-01-2026 14:48:40	2.8600	0.2	s
19-01-2026 14:48:35	2.8600	0.2	s
19-01-2026 14:48:29	2.8600	0.5	s
19-01-2026 14:48:24	2.8600	0.2	s
19-01-2026 14:48:19	2.8600	0.2	s
19-01-2026 14:48:13	2.8600	0.2	s
19-01-2026 14:48:08	2.8600	0.2	s
19-01-2026 14:48:07	2.8600	0.2	s
19-01-2026 14:48:02	2.8600	0.2	s
19-01-2026 14:48:00	2.8600	0.3	s
19-01-2026 14:47:59	2.8600	1.1	s
19-01-2026 14:47:56	2.8600	0.2	s
19-01-2026 14:47:51	2.8600	0.2	s
19-01-2026 14:47:45	2.8600	0.2	s
19-01-2026 14:47:40	2.8600	0.2	s
19-01-2026 14:47:34	2.8600	0.2	s
19-01-2026 14:47:29	2.8600	0.2	s
19-01-2026 14:47:28	2.8600	0.2	s
19-01-2026 14:47:26	2.8500	0.1	b
19-01-2026 14:47:23	2.8600	0.2	s
19-01-2026 14:47:18	2.8600	0.2	s
19-01-2026 14:47:12	2.8600	0.2	s
19-01-2026 14:47:07	2.8600	0.2	s
19-01-2026 14:47:02	2.8600	0.2	s
19-01-2026 14:47:01	2.8600	0.2	s
19-01-2026 14:47:00	2.8600	0.3	s
19-01-2026 14:46:57	2.8600	0.2	s
19-01-2026 14:46:56	2.8600	0.2	s
19-01-2026 14:46:50	2.8600	0.2	s
19-01-2026 14:46:45	2.8600	0.2	s
19-01-2026 14:46:41	2.8600	0.2	s
19-01-2026 14:46:40	2.8600	0.2	s
19-01-2026 14:46:34	2.8600	0.2	s
19-01-2026 14:46:28	2.8600	0.2	s
19-01-2026 14:46:24	2.8600	0.6	s
19-01-2026 14:46:23	2.8600	0.2	s
19-01-2026 14:46:18	2.8600	0.2	s
19-01-2026 14:46:12	2.8600	0.2	s
19-01-2026 14:46:06	2.8500	0.1	b
19-01-2026 14:46:05	2.8600	0.6	s
19-01-2026 14:46:04	2.8600	0.2	s
19-01-2026 14:46:04	2.8600	1.2	s
19-01-2026 14:46:04	2.8600	10.2	s
19-01-2026 14:46:04	2.8600	0.1	s
19-01-2026 14:46:04	2.8600	1.2	s
19-01-2026 14:45:59	2.8600	0.2	s
19-01-2026 14:45:56	2.8600	0.2	s
19-01-2026 14:45:49	2.8600	0.3	s
19-01-2026 14:45:47	2.8600	0.3	s
19-01-2026 14:45:41	2.8600	0.2	s
19-01-2026 14:45:40	2.8600	0.2	s
19-01-2026 14:45:35	2.8600	0.2	s
19-01-2026 14:45:29	2.8600	0.2	s
19-01-2026 14:45:02	2.8600	0.2	s
19-01-2026 14:44:45	2.8600	0.2	s
19-01-2026 14:44:42	2.8500	0.2	b
19-01-2026 14:44:10	2.8600	1.6	s
19-01-2026 14:44:01	2.8600	0.3	s
19-01-2026 14:44:00	2.8600	9	s
19-01-2026 14:43:28	2.8600	0.2	s
19-01-2026 14:43:02	2.8600	0.2	s
19-01-2026 14:42:59	2.8600	0.1	s
19-01-2026 14:42:09	2.8500	3.5	b
19-01-2026 14:42:03	2.8600	0.4	s
19-01-2026 14:42:01	2.8600	0.2	s
19-01-2026 14:42:00	2.8600	10	s
19-01-2026 14:41:57	2.8600	0.2	s
19-01-2026 14:40:59	2.8600	0.4	s
19-01-2026 14:40:52	2.8600	0.2	s
19-01-2026 14:40:32	2.8600	0.2	s
19-01-2026 14:40:05	2.8500	1.3	b
19-01-2026 14:39:13	2.8600	0.2	s
19-01-2026 14:38:52	2.8600	0.2	s
19-01-2026 14:38:51	2.8600	1.6	s
19-01-2026 14:38:44	2.8600	0.1	s
19-01-2026 14:37:57	2.8600	0.2	s
19-01-2026 14:37:27	2.8600	0.2	s
19-01-2026 14:37:27	2.8600	0.3	s
19-01-2026 14:37:07	2.8600	0.2	s
19-01-2026 14:37:06	2.8600	0.1	s
19-01-2026 14:36:52	2.8600	0.2	s
19-01-2026 14:36:13	2.8600	0.4	s
19-01-2026 14:36:07	2.8600	0.2	s
19-01-2026 14:35:15	2.8600	0.1	s
19-01-2026 14:35:14	2.8500	1.8	b
19-01-2026 14:34:58	2.8600	0.2	s
19-01-2026 14:34:54	2.8600	0.1	s
19-01-2026 14:34:52	2.8600	0.2	s
19-01-2026 14:34:46	2.8600	0.4	s
19-01-2026 14:34:46	2.8600	1.5	s
19-01-2026 14:34:43	2.8600	1.2	s
19-01-2026 14:34:43	2.8600	1.1	s
19-01-2026 14:34:34	2.8600	1.2	s
19-01-2026 14:34:23	2.8600	0.3	s
19-01-2026 14:34:23	2.8500	8	b
19-01-2026 14:34:19	2.8600	0.1	s
19-01-2026 14:34:01	2.8600	0.3	s
19-01-2026 14:33:59	2.8600	0.3	s
19-01-2026 14:33:30	2.8600	0.2	s
19-01-2026 14:32:52	2.8600	0.2	s
19-01-2026 14:32:45	2.8600	0.1	s
19-01-2026 14:31:59	2.8500	1.7	b
19-01-2026 14:31:57	2.8600	0.2	s
19-01-2026 14:31:53	2.8600	0.1	s
19-01-2026 14:31:47	2.8600	0.5	s
19-01-2026 14:31:45	2.8500	0.1	b
19-01-2026 14:31:34	2.8600	0.1	s
19-01-2026 14:31:17	2.8600	0.3	s
19-01-2026 14:31:03	2.8600	0.2	s
19-01-2026 14:30:52	2.8600	0.2	s
19-01-2026 14:30:43	2.8600	0.4	s
19-01-2026 14:30:40	2.8600	0.4	s
19-01-2026 14:30:37	2.8600	0.7	s
19-01-2026 14:30:37	2.8600	20	s
19-01-2026 14:30:26	2.8600	0.2	s
19-01-2026 14:30:25	2.8600	1.7	s
19-01-2026 14:30:19	2.8600	0.1	s
19-01-2026 14:30:06	2.8600	0.4	s
19-01-2026 14:30:02	2.8500	1.4	b
19-01-2026 14:30:01	2.8500	2.9	b
19-01-2026 14:29:32	2.8600	0.2	s
19-01-2026 14:28:51	2.8600	0.2	s
19-01-2026 14:28:50	2.8600	1.9	s
19-01-2026 14:28:47	2.8600	0.1	s
19-01-2026 14:28:46	2.8600	0.3	s
19-01-2026 14:28:45	2.8600	2	s
19-01-2026 14:28:45	2.8600	2	s
19-01-2026 14:28:40	2.8600	0.1	s
19-01-2026 14:27:48	2.8600	0.2	s
19-01-2026 14:27:30	2.8600	0.1	s
19-01-2026 14:27:23	2.8600	0.1	s
19-01-2026 14:27:13	2.8500	1.3	b
19-01-2026 14:26:51	2.8600	0.2	s
19-01-2026 14:26:27	2.8600	0.1	s
19-01-2026 14:26:19	2.8600	0.2	s
19-01-2026 14:24:58	2.8600	1.2	s
19-01-2026 14:24:51	2.8600	0.2	s
19-01-2026 14:24:51	2.8600	0.1	s
19-01-2026 14:24:48	2.8600	0.3	s
19-01-2026 14:24:47	2.8600	0.2	s
19-01-2026 14:24:17	2.8600	0.5	s
19-01-2026 14:24:07	2.8600	0.1	s
19-01-2026 14:24:04	2.8600	0.1	s
19-01-2026 14:23:39	2.8600	0.4	s
19-01-2026 14:23:39	2.8600	0.3	s
19-01-2026 14:23:38	2.8600	0.2	s
19-01-2026 14:23:38	2.8600	3	s
19-01-2026 14:23:35	2.8600	0.2	s
19-01-2026 14:23:35	2.8500	6	b
19-01-2026 14:23:16	2.8600	0.2	s
19-01-2026 14:23:07	2.8600	0.1	s
19-01-2026 14:22:51	2.8600	0.2	s
19-01-2026 14:22:25	2.8600	0.1	s
19-01-2026 14:21:42	2.8600	0.3	s
19-01-2026 14:21:16	2.8600	0.1	s
19-01-2026 14:21:12	2.8600	0.1	s
19-01-2026 14:21:12	2.8600	1.2	s
19-01-2026 14:20:51	2.8600	0.2	s
19-01-2026 14:20:36	2.8600	0.1	s
19-01-2026 14:20:16	2.8600	0.1	s
19-01-2026 14:20:11	2.8500	0.1	b
19-01-2026 14:20:02	2.8600	0.1	s
19-01-2026 14:19:56	2.8600	0.1	s
19-01-2026 14:19:54	2.8600	0.1	s
19-01-2026 14:19:53	2.8600	0.1	s
19-01-2026 14:19:49	2.8600	0.1	s
19-01-2026 14:19:43	2.8600	0.1	s
19-01-2026 14:19:36	2.8600	0.2	s
19-01-2026 14:19:35	2.8600	0.1	s
19-01-2026 14:19:28	2.8600	0.1	s
19-01-2026 14:19:20	2.8600	0.1	s
19-01-2026 14:19:13	2.8600	0.1	s
19-01-2026 14:19:06	2.8600	0.1	s
19-01-2026 14:19:01	2.8600	0.1	s
19-01-2026 14:18:53	2.8600	0.1	s
19-01-2026 14:18:51	2.8600	0.2	s
19-01-2026 14:18:47	2.8600	0.1	s
19-01-2026 14:18:47	2.8600	0.2	s
19-01-2026 14:18:47	2.8600	0.1	s
19-01-2026 14:18:46	2.8600	0.2	s
19-01-2026 14:18:44	2.8500	0.2	b
19-01-2026 14:18:41	2.8600	0.1	s
19-01-2026 14:18:40	2.8600	0.1	s
19-01-2026 14:18:38	2.8600	0.2	s
19-01-2026 14:18:32	2.8600	0.1	s
19-01-2026 14:18:25	2.8600	0.1	s
19-01-2026 14:18:24	2.8600	0.8	s
19-01-2026 14:18:23	2.8600	0.2	s
19-01-2026 14:18:23	2.8600	0.4	s
19-01-2026 14:18:23	2.8600	0.4	s
19-01-2026 14:18:22	2.8600	0.2	s
19-01-2026 14:18:22	2.8600	8.2	s
19-01-2026 14:18:22	2.8600	1.8	s
19-01-2026 14:18:22	2.8600	0.2	s
19-01-2026 14:18:22	2.8600	0.1	s
19-01-2026 14:18:22	2.8600	7.5	s
19-01-2026 14:18:19	2.8600	0.1	s
19-01-2026 14:18:12	2.8600	0.1	s
19-01-2026 14:18:05	2.8600	0.1	s
19-01-2026 14:17:58	2.8600	0.1	s
19-01-2026 14:17:50	2.8600	0.1	s
19-01-2026 14:17:43	2.8600	0.1	s
19-01-2026 14:17:42	2.8600	0.2	s
19-01-2026 14:17:36	2.8600	0.1	s
19-01-2026 14:17:29	2.8600	0.1	s
19-01-2026 14:17:23	2.8600	0.1	s
19-01-2026 14:17:21	2.8600	0.1	s
19-01-2026 14:17:14	2.8600	0.2	s
19-01-2026 14:17:14	2.8600	0.1	s
19-01-2026 14:17:07	2.8600	0.1	s
19-01-2026 14:17:00	2.8600	0.1	s
19-01-2026 14:16:55	2.8600	0.3	s
19-01-2026 14:16:53	2.8600	0.1	s
19-01-2026 14:16:52	2.8600	0.1	s
19-01-2026 14:16:51	2.8600	0.2	s
19-01-2026 14:16:51	2.8600	1.3	s
19-01-2026 14:16:51	2.8500	0.1	b
19-01-2026 14:16:49	2.8600	0.1	s
19-01-2026 14:16:45	2.8600	0.1	s
19-01-2026 14:16:38	2.8600	0.1	s
19-01-2026 14:16:34	2.8600	0.2	s
19-01-2026 14:16:31	2.8600	0.1	s
19-01-2026 14:16:30	2.8600	0.1	s
19-01-2026 14:16:30	2.8600	1.6	s
19-01-2026 14:16:24	2.8600	0.1	s
19-01-2026 14:16:17	2.8600	0.1	s
19-01-2026 14:16:09	2.8600	0.1	s
19-01-2026 14:16:02	2.8600	0.1	s
19-01-2026 14:15:55	2.8600	0.1	s
19-01-2026 14:15:48	2.8600	0.1	s
19-01-2026 14:15:40	2.8600	0.1	s
19-01-2026 14:15:34	2.8600	0.1	s
19-01-2026 14:15:29	2.8600	0.1	s
19-01-2026 14:15:28	2.8600	0.1	s
19-01-2026 14:15:26	2.8600	0.1	s
19-01-2026 14:15:18	2.8600	0.1	s
19-01-2026 14:15:12	2.8600	0.1	s
19-01-2026 14:15:08	2.8600	0.2	s
19-01-2026 14:15:05	2.8500	1.3	b
19-01-2026 14:15:00	2.8600	0.1	s
19-01-2026 14:14:51	2.8600	0.2	s
19-01-2026 14:14:40	2.8600	0.1	s
19-01-2026 14:14:34	2.8600	0.2	s
19-01-2026 14:14:24	2.8500	1.3	b
19-01-2026 14:14:20	2.8600	0.1	s
19-01-2026 14:14:00	2.8600	0.1	s
19-01-2026 14:13:43	2.8600	0.2	s
19-01-2026 14:13:43	2.8500	1.6	b
19-01-2026 14:13:37	2.8600	0.3	s
19-01-2026 14:13:25	2.8600	0.1	s
19-01-2026 14:13:22	2.8600	0.1	s
19-01-2026 14:13:22	2.8600	0.2	s
19-01-2026 14:13:20	2.8600	0.1	s
19-01-2026 14:13:18	2.8600	0.2	s
19-01-2026 14:12:51	2.8500	0.1	b
19-01-2026 14:12:41	2.8600	0.2	s
19-01-2026 14:12:36	2.8600	0.1	s
19-01-2026 14:12:33	2.8600	0.2	s
19-01-2026 14:12:32	2.8500	6.4	b
19-01-2026 14:12:17	2.8600	0.1	s
19-01-2026 14:12:16	2.8600	0.2	s
19-01-2026 14:12:09	2.8600	0.3	s
19-01-2026 14:12:08	2.8600	0.2	s
19-01-2026 14:12:08	2.8600	0.2	s
19-01-2026 14:12:07	2.8600	0.2	s
19-01-2026 14:12:06	2.8600	0.3	s
19-01-2026 14:12:06	2.8600	6.9	s
19-01-2026 14:11:54	2.8600	1	s
19-01-2026 14:11:31	2.8600	0.2	s
19-01-2026 14:11:20	2.8600	0.1	s
19-01-2026 14:10:58	2.8600	0.2	s
19-01-2026 14:10:57	2.8600	0.1	s
19-01-2026 14:10:47	2.8600	0.1	s
19-01-2026 14:10:44	2.8600	1.7	s
19-01-2026 14:10:41	2.8600	0.2	s
19-01-2026 14:10:35	2.8600	0.1	s
19-01-2026 14:10:33	2.8600	0.1	s
19-01-2026 14:10:26	2.8600	0.2	s
19-01-2026 14:10:14	2.8600	0.2	s
19-01-2026 14:10:12	2.8600	0.3	s
19-01-2026 14:10:05	2.8600	0.1	s
19-01-2026 14:10:02	2.8600	0.2	s
19-01-2026 14:10:02	2.8500	0.6	b
19-01-2026 14:10:01	2.8600	0.2	s
19-01-2026 14:10:01	2.8500	2.7	b
19-01-2026 14:08:59	2.8600	0.2	s
19-01-2026 14:08:41	2.8600	0.2	s
19-01-2026 14:08:08	2.8600	0.1	s
19-01-2026 14:08:07	2.8600	1.1	s
19-01-2026 14:07:20	2.8600	0.2	s
19-01-2026 14:06:41	2.8600	0.2	s
19-01-2026 14:06:32	2.8600	0.5	s
19-01-2026 14:06:30	2.8600	0.9	s
19-01-2026 14:05:54	2.8600	0.2	s
19-01-2026 14:05:44	2.8500	0.2	b
19-01-2026 14:04:58	2.8600	1.2	s
19-01-2026 14:04:42	2.8600	0.2	s
19-01-2026 14:04:42	2.8600	0.5	s
19-01-2026 14:04:41	2.8600	0.2	s
19-01-2026 14:04:39	2.8600	0.6	s
19-01-2026 14:04:39	2.8600	0.4	s
19-01-2026 14:04:38	2.8600	1.7	s
19-01-2026 14:04:38	2.8600	17	s
19-01-2026 14:04:30	2.8600	0.1	s
19-01-2026 14:04:30	2.8600	1.2	s
19-01-2026 14:04:28	2.8600	0.2	s
19-01-2026 14:03:59	2.8600	0.5	s
19-01-2026 14:03:54	2.8600	0.4	s
19-01-2026 14:03:53	2.8600	0.2	s
19-01-2026 14:03:52	2.8600	1.5	s
19-01-2026 14:02:53	2.8600	0.2	s
19-01-2026 14:02:41	2.8600	0.2	s
19-01-2026 14:02:28	2.8600	0.1	s
19-01-2026 14:01:41	2.8600	0.2	s
19-01-2026 14:01:32	2.8600	0.2	s
19-01-2026 14:01:27	2.8600	0.1	s
19-01-2026 14:01:26	2.8600	0.1	s
19-01-2026 14:01:24	2.8500	9.6	b
19-01-2026 14:01:23	2.8600	0.3	s
19-01-2026 14:01:23	2.8600	0.2	s
19-01-2026 14:01:23	2.8500	1.4	b
19-01-2026 14:00:41	2.8600	0.2	s
19-01-2026 14:00:24	2.8600	0.6	s
19-01-2026 14:00:07	2.8600	0.2	s
19-01-2026 13:58:41	2.8600	0.2	s
19-01-2026 13:58:36	2.8600	0.2	s
19-01-2026 13:58:06	2.8600	0.2	s
19-01-2026 13:58:03	2.8600	0.2	s
19-01-2026 13:58:01	2.8600	0.1	s
19-01-2026 13:58:01	2.8600	5	s
19-01-2026 13:57:14	2.8600	0.2	s
19-01-2026 13:57:12	2.8600	0.1	s
19-01-2026 13:57:11	2.8500	1.6	b
19-01-2026 13:56:57	2.8600	0.2	s
19-01-2026 13:56:41	2.8600	0.2	s
19-01-2026 13:56:22	2.8600	0.2	s
19-01-2026 13:56:17	2.8600	0.1	s
19-01-2026 13:56:14	2.8600	2.4	s
19-01-2026 13:56:07	2.8600	0.4	s
19-01-2026 13:56:07	2.8600	0.4	s
19-01-2026 13:56:05	2.8600	0.7	s
19-01-2026 13:56:04	2.8600	0.3	s
19-01-2026 13:56:04	2.8600	15	s
19-01-2026 13:55:05	2.8500	1	b
19-01-2026 13:54:55	2.8600	0.2	s
19-01-2026 13:54:41	2.8600	0.2	s
19-01-2026 13:54:19	2.8600	0.2	s
19-01-2026 13:53:21	2.8600	0.1	s
19-01-2026 13:53:18	2.8600	0.5	s
19-01-2026 13:53:11	2.8500	0.1	b
19-01-2026 13:52:59	2.8600	0.2	s
19-01-2026 13:52:41	2.8600	0.2	s
19-01-2026 13:52:41	2.8500	0.1	b
19-01-2026 13:52:40	2.8600	1	s
19-01-2026 13:51:44	2.8600	0.2	s
19-01-2026 13:51:44	2.8600	0.1	s
19-01-2026 13:51:18	2.8600	0.3	s
19-01-2026 13:51:17	2.8600	0.1	s
19-01-2026 13:51:15	2.8600	0.1	s
19-01-2026 13:51:14	2.8600	1.3	s
19-01-2026 13:51:00	2.8600	0.2	s
19-01-2026 13:50:41	2.8600	0.2	s
19-01-2026 13:50:29	2.8600	0.2	s
19-01-2026 13:50:13	2.8600	0.2	s
19-01-2026 13:50:03	2.8600	0.1	s
19-01-2026 13:50:02	2.8500	0.6	b
19-01-2026 13:50:01	2.8600	0.1	s
19-01-2026 13:50:01	2.8500	2.7	b
19-01-2026 13:49:45	2.8600	0.1	s
19-01-2026 13:49:45	2.8500	1.2	b
19-01-2026 13:49:19	2.8600	0.2	s
19-01-2026 13:49:09	2.8600	0.2	s
19-01-2026 13:49:00	2.8600	0.2	s
19-01-2026 13:48:58	2.8600	0.1	s
19-01-2026 13:48:52	2.8500	5	b
19-01-2026 13:48:52	2.8600	0.1	s
19-01-2026 13:48:51	2.8500	0.1	b
19-01-2026 13:48:41	2.8600	0.2	s
19-01-2026 13:48:23	2.8600	0.1	s
19-01-2026 13:48:21	2.8600	0.1	s
19-01-2026 13:47:47	2.8600	0.1	s
19-01-2026 13:47:45	2.8600	0.3	s
19-01-2026 13:47:45	2.8500	1.2	b
19-01-2026 13:47:44	2.8600	0.2	s
19-01-2026 13:47:40	2.8600	0.4	s
19-01-2026 13:47:39	2.8600	0.2	s
19-01-2026 13:47:38	2.8600	0.7	s
19-01-2026 13:47:38	2.8500	0.2	b
19-01-2026 13:47:38	2.8500	11	b
19-01-2026 13:47:37	2.8600	0.1	s
19-01-2026 13:47:36	2.8500	6	b
19-01-2026 13:47:30	2.8600	0.1	s
19-01-2026 13:47:23	2.8600	0.2	s
19-01-2026 13:46:19	2.8600	0.1	s
19-01-2026 13:46:05	2.8600	0.2	s
19-01-2026 13:45:28	2.8600	0.2	s
19-01-2026 13:45:11	2.8500	0.1	b
19-01-2026 13:43:59	2.8600	0.1	s
19-01-2026 13:43:52	2.8600	0.1	s
19-01-2026 13:43:51	2.8600	0.3	s
19-01-2026 13:43:50	2.8600	0.1	s
19-01-2026 13:43:50	2.8600	1.3	s
19-01-2026 13:43:50	2.8600	0.2	s
19-01-2026 13:43:25	2.8600	0.1	s
19-01-2026 13:42:47	2.8600	0.2	s
19-01-2026 13:42:10	2.8600	1.3	s
19-01-2026 13:41:55	2.8600	0.3	s
19-01-2026 13:41:53	2.8600	0.1	s
19-01-2026 13:41:31	2.8600	0.6	s
19-01-2026 13:41:27	2.8600	0.1	s
19-01-2026 13:40:13	2.8500	0.2	b
19-01-2026 13:40:09	2.8600	0.2	s
19-01-2026 13:39:41	2.8500	0.1	b
19-01-2026 13:39:28	2.8500	1.4	b
19-01-2026 13:39:27	2.8600	2.7	s
19-01-2026 13:39:27	2.8600	1.8	s
19-01-2026 13:39:27	2.8600	0.2	s
19-01-2026 13:38:40	2.8600	0.2	s
19-01-2026 13:38:31	2.8500	0.1	b
19-01-2026 13:38:27	2.8600	0.2	s
19-01-2026 13:38:02	2.8500	1.2	b
19-01-2026 13:37:51	2.8600	0.1	s
19-01-2026 13:37:51	2.8600	0.9	s
19-01-2026 13:37:27	2.8600	0.2	s
19-01-2026 13:36:55	2.8600	0.2	s
19-01-2026 13:36:39	2.8600	0.2	s
19-01-2026 13:36:38	2.8600	0.4	s
19-01-2026 13:36:37	2.8600	0.3	s
19-01-2026 13:36:37	2.8500	7.6	b
19-01-2026 13:36:11	2.8500	0.1	b
19-01-2026 13:36:00	2.8600	0.1	s
19-01-2026 13:35:59	2.8600	0.2	s
19-01-2026 13:35:44	2.8500	1.5	b
19-01-2026 13:35:43	2.8600	0.1	s
19-01-2026 13:35:07	2.8600	0.2	s
19-01-2026 13:34:38	2.8600	0.1	s
19-01-2026 13:34:36	2.8600	0.1	s
19-01-2026 13:34:35	2.8500	1.2	b
19-01-2026 13:34:05	2.8600	0.2	s
19-01-2026 13:33:16	2.8600	0.3	s
19-01-2026 13:32:44	2.8600	0.6	s
19-01-2026 13:31:55	2.8600	0.2	s
19-01-2026 13:31:52	2.8600	0.1	s
19-01-2026 13:31:50	2.8600	0.1	s
19-01-2026 13:31:50	2.8600	1.1	s
19-01-2026 13:31:50	2.8600	3.7	s
19-01-2026 13:31:47	2.8600	0.1	s
19-01-2026 13:31:39	2.8600	0.4	s
19-01-2026 13:31:39	2.8600	0.2	s
19-01-2026 13:31:36	2.8600	0.1	s
19-01-2026 13:31:36	2.8600	0.7	s
19-01-2026 13:31:35	2.8600	0.2	s
19-01-2026 13:31:35	2.8600	4	s
19-01-2026 13:31:35	2.8600	0.1	s
19-01-2026 13:31:12	2.8500	1.6	b
19-01-2026 13:31:11	2.8500	0.1	b
19-01-2026 13:30:42	2.8600	0.1	s
19-01-2026 13:30:23	2.8600	0.1	s
19-01-2026 13:30:21	2.8600	0.1	s
19-01-2026 13:30:19	2.8500	1.3	b
19-01-2026 13:30:16	2.8600	0.1	s
19-01-2026 13:30:05	2.8600	0.1	s
19-01-2026 13:30:02	2.8600	0.1	s
19-01-2026 13:30:01	2.8500	3.1	b
19-01-2026 13:27:23	2.8600	0.1	s
19-01-2026 13:27:21	2.8600	0.1	s
19-01-2026 13:27:21	2.8500	1.2	b
19-01-2026 13:27:00	2.8600	0.9	s
19-01-2026 13:26:42	2.8600	0.2	s
19-01-2026 13:26:12	2.8600	0.1	s
19-01-2026 13:25:55	2.8600	0.1	s
19-01-2026 13:25:52	2.8600	0.8	s
19-01-2026 13:25:32	2.8500	0.1	b
19-01-2026 13:24:36	2.8600	0.1	s
19-01-2026 13:23:53	2.8600	0.1	s
19-01-2026 13:23:50	2.8600	0.1	s
19-01-2026 13:23:48	2.8600	3.2	s
19-01-2026 13:23:45	2.8600	0.1	s
19-01-2026 13:23:37	2.8600	0.8	s
19-01-2026 13:23:37	2.8600	0.5	s
19-01-2026 13:23:34	2.8600	0.3	s
19-01-2026 13:23:34	2.8600	0.4	s
19-01-2026 13:23:33	2.8500	11.4	b
19-01-2026 13:22:55	2.8600	0.2	s
19-01-2026 13:22:07	2.8600	0.2	s
19-01-2026 13:21:35	2.8600	0.6	s
19-01-2026 13:21:27	2.8600	0.1	s
19-01-2026 13:21:27	2.8600	0.6	s
19-01-2026 13:21:13	2.8600	0.2	s
19-01-2026 13:20:16	2.8600	0.2	s
19-01-2026 13:20:08	2.8600	0.1	s
19-01-2026 13:20:08	2.8600	0.1	s
19-01-2026 13:20:07	2.8600	0.2	s
19-01-2026 13:19:17	2.8600	0.1	s
19-01-2026 13:19:15	2.8600	0.1	s
19-01-2026 13:19:14	2.8500	2.8	b
19-01-2026 13:18:59	2.8600	0.1	s
19-01-2026 13:18:56	2.8600	4	s
19-01-2026 13:18:51	2.8600	0.1	s
19-01-2026 13:18:48	2.8600	0.1	s
19-01-2026 13:18:47	2.8600	0.2	s
19-01-2026 13:18:23	2.8600	0.2	s
19-01-2026 13:18:00	2.8600	0.2	s
19-01-2026 13:17:16	2.8600	0.2	s
19-01-2026 13:16:24	2.8600	0.2	s
19-01-2026 13:15:51	2.8600	0.2	s
19-01-2026 13:15:35	2.8600	0.1	s
19-01-2026 13:15:28	2.8500	2	b
19-01-2026 13:15:28	2.8600	1.4	s
19-01-2026 13:15:27	2.8600	3.2	s
19-01-2026 13:15:20	2.8600	3.6	s
19-01-2026 13:15:19	2.8600	8	s
19-01-2026 13:15:01	2.8600	0.9	s
19-01-2026 13:15:00	2.8600	1.5	s
19-01-2026 13:14:59	2.8600	0.1	s
19-01-2026 13:14:45	2.8600	0.2	s
19-01-2026 13:14:45	2.8500	0.5	b
19-01-2026 13:14:40	2.8600	0.2	s
19-01-2026 13:13:20	2.8600	0.6	s
19-01-2026 13:13:11	2.8600	0.6	s
19-01-2026 13:12:27	2.8600	0.2	s
19-01-2026 13:12:21	2.8600	0.1	s
19-01-2026 13:11:37	2.8600	0.2	s
19-01-2026 13:10:27	2.8600	0.2	s
19-01-2026 13:10:00	2.8500	2.8	b
19-01-2026 13:09:30	2.8600	0.2	s
19-01-2026 13:09:20	2.8600	0.3	s
19-01-2026 13:09:04	2.8600	0.2	s
19-01-2026 13:07:50	2.8600	0.2	s
19-01-2026 13:07:45	2.8600	0.2	s
19-01-2026 13:06:29	2.8600	0.2	s
19-01-2026 13:05:50	2.8600	0.2	s
19-01-2026 13:05:49	2.8500	2	b
19-01-2026 13:05:48	2.8600	14	s
19-01-2026 13:05:28	2.8600	0.1	s
19-01-2026 13:05:21	2.8500	2	b
19-01-2026 13:05:17	2.8600	8.7	s
19-01-2026 13:05:07	2.8600	2.8	s
19-01-2026 13:05:07	2.8500	0.1	b
19-01-2026 13:05:07	2.8600	11.6	s
19-01-2026 13:05:07	2.8600	106.2	s
19-01-2026 13:05:07	2.8600	0.2	s
19-01-2026 13:04:30	2.8500	1.5	b
19-01-2026 13:04:12	2.8600	0.2	s
19-01-2026 13:04:00	2.8600	0.2	s
19-01-2026 13:03:09	2.8600	0.2	s
19-01-2026 13:03:00	2.8600	0.2	s
19-01-2026 13:02:30	2.8600	0.2	s
19-01-2026 13:02:10	2.8600	0.2	s
19-01-2026 13:01:51	2.8600	0.2	s
19-01-2026 13:01:11	2.8600	0.2	s
19-01-2026 13:01:09	2.8600	0.7	s
19-01-2026 13:00:54	2.8600	0.5	s
19-01-2026 13:00:54	2.8600	0.7	s
19-01-2026 13:00:35	2.8600	0.8	s
19-01-2026 13:00:28	2.8600	4	s
19-01-2026 13:00:16	2.8500	1.3	b
19-01-2026 13:00:16	2.8600	0.5	s
19-01-2026 13:00:07	2.8500	14.4	b
19-01-2026 13:00:03	2.8600	1.8	s
19-01-2026 13:00:01	2.8500	3.2	b
19-01-2026 13:00:00	2.8600	0.3	s
19-01-2026 13:00:00	2.8600	88.3	s
19-01-2026 12:58:46	2.8600	42.7	b
19-01-2026 11:59:55	2.8500	0.1	b
19-01-2026 11:59:43	2.8500	0.3	b
19-01-2026 11:59:07	2.8500	0.1	b
19-01-2026 11:58:54	2.8600	3	s
19-01-2026 11:58:41	2.8500	1.3	b
19-01-2026 11:58:15	2.8500	0.1	b
19-01-2026 11:58:07	2.8600	0.5	s
19-01-2026 11:57:22	2.8500	1.4	b
19-01-2026 11:57:08	2.8500	1.6	b
19-01-2026 11:56:35	2.8500	0.1	b
19-01-2026 11:56:07	2.8600	0.5	s
19-01-2026 11:56:02	2.8500	1.3	b
19-01-2026 11:55:37	2.8500	1.3	b
19-01-2026 11:54:55	2.8500	0.1	b
19-01-2026 11:54:41	2.8500	1.2	b
19-01-2026 11:54:07	2.8600	0.5	s
19-01-2026 11:53:21	2.8500	1.2	b
19-01-2026 11:53:05	2.8500	0.5	b
19-01-2026 11:51:55	2.8500	0.1	b
19-01-2026 11:51:28	2.8600	0.5	s
19-01-2026 11:51:21	2.8500	1.4	b
19-01-2026 11:51:16	2.8500	0.1	b
19-01-2026 11:50:59	2.8600	0.3	s
19-01-2026 11:50:02	2.8500	1.4	b
19-01-2026 11:49:24	2.8500	1.8	b
19-01-2026 11:49:08	2.8500	1.2	b
19-01-2026 11:48:48	2.8600	0.5	s
19-01-2026 11:48:16	2.8500	8	b
19-01-2026 11:47:04	2.8600	2.2	s
19-01-2026 11:45:03	2.8500	0.1	b
19-01-2026 11:44:16	2.8500	0.6	b
19-01-2026 11:44:15	2.8500	3.6	b
19-01-2026 11:43:48	2.8500	0.1	b
19-01-2026 11:43:27	2.8500	1.3	b
19-01-2026 11:42:12	2.8500	0.1	b
19-01-2026 11:40:59	2.8500	81.6	b
19-01-2026 11:40:24	2.8600	0.3	s
19-01-2026 11:37:47	2.8500	1.4	b
19-01-2026 11:37:13	2.8600	0.2	s
19-01-2026 11:36:30	2.8600	0.1	s
19-01-2026 11:36:28	2.8600	0.6	s
19-01-2026 11:36:19	2.8500	4.2	b
19-01-2026 11:35:26	2.8600	0.2	s
19-01-2026 11:34:43	2.8600	0.3	s
19-01-2026 11:33:52	2.8600	0.2	s
19-01-2026 11:33:00	2.8600	0.1	s
19-01-2026 11:32:34	2.8600	0.2	s
19-01-2026 11:32:12	2.8600	0.2	s
19-01-2026 11:31:19	2.8600	0.1	s
19-01-2026 11:30:51	2.8600	0.1	s
19-01-2026 11:30:14	2.8500	5	b
19-01-2026 11:29:51	2.8600	0.1	s
19-01-2026 11:29:46	2.8500	7	b
19-01-2026 11:29:45	2.8500	1.2	b
19-01-2026 11:29:31	2.8600	0.2	s
19-01-2026 11:29:28	2.8600	0.7	s
19-01-2026 11:29:06	2.8500	0.2	b
19-01-2026 11:29:04	2.8600	1.8	s
19-01-2026 11:28:55	2.8600	0.1	s
19-01-2026 11:28:51	2.8600	0.1	s
19-01-2026 11:28:36	2.8600	0.1	s
19-01-2026 11:28:13	2.8600	0.3	s
19-01-2026 11:27:51	2.8600	0.1	s
19-01-2026 11:27:13	2.8600	0.1	s
19-01-2026 11:26:54	2.8600	0.3	s
19-01-2026 11:26:51	2.8600	0.1	s
19-01-2026 11:26:00	2.8600	0.4	s
19-01-2026 11:25:51	2.8600	0.1	s
19-01-2026 11:25:51	2.8500	1	b
19-01-2026 11:25:11	2.8600	0.1	s
19-01-2026 11:24:56	2.8600	0.7	s
19-01-2026 11:24:51	2.8600	0.1	s
19-01-2026 11:24:41	2.8600	0.1	s
19-01-2026 11:24:31	2.8600	0.5	s
19-01-2026 11:24:31	2.8600	0.1	s
19-01-2026 11:24:20	2.8600	0.1	s
19-01-2026 11:24:16	2.8500	1.4	b
19-01-2026 11:24:15	2.8500	3.1	b
19-01-2026 11:24:14	2.8600	0.1	s
19-01-2026 11:24:09	2.8600	0.1	s
19-01-2026 11:24:00	2.8600	0.1	s
19-01-2026 11:23:59	2.8600	0.1	s
19-01-2026 11:23:48	2.8600	0.1	s
19-01-2026 11:23:38	2.8600	0.1	s
19-01-2026 11:23:35	2.8600	0.1	s
19-01-2026 11:23:26	2.8600	0.1	s
19-01-2026 11:23:19	2.8600	0.1	s
19-01-2026 11:23:16	2.8600	0.1	s
19-01-2026 11:23:06	2.8600	0.1	s
19-01-2026 11:22:55	2.8600	0.1	s
19-01-2026 11:22:54	2.8600	0.1	s
19-01-2026 11:22:44	2.8600	0.7	s
19-01-2026 11:22:42	2.8600	0.5	s
19-01-2026 11:22:42	2.8500	8.5	b
19-01-2026 11:22:34	2.8600	0.1	s
19-01-2026 11:22:13	2.8600	0.2	s
19-01-2026 11:21:17	2.8600	0.1	s
19-01-2026 11:21:03	2.8600	0.5	s
19-01-2026 11:20:52	2.8600	0.3	s
19-01-2026 11:20:23	2.8600	1.9	s
19-01-2026 11:20:22	2.8600	0.9	s
19-01-2026 11:20:21	2.8500	19	b
19-01-2026 11:20:20	2.8600	1.1	s
19-01-2026 11:20:03	2.8600	0.1	s
19-01-2026 11:19:43	2.8600	0.2	s
19-01-2026 11:18:43	2.8600	0.2	s
19-01-2026 11:18:03	2.8600	0.5	s
19-01-2026 11:17:57	2.8600	0.1	s
19-01-2026 11:17:57	2.8500	2.4	b
19-01-2026 11:17:19	2.8600	0.3	s
19-01-2026 11:16:26	2.8500	2	b
19-01-2026 11:16:24	2.8600	0.2	s
19-01-2026 11:15:59	2.8500	0.4	b
19-01-2026 11:15:41	2.8600	0.2	s
19-01-2026 11:15:09	2.8600	0.6	s
19-01-2026 11:15:09	2.8600	0.1	s
19-01-2026 11:14:43	2.8600	0.2	s
19-01-2026 11:14:39	2.8600	5	s
19-01-2026 11:14:04	2.8600	2.7	s
19-01-2026 11:13:49	2.8600	0.1	s
19-01-2026 11:13:32	2.8600	0.1	s
19-01-2026 11:13:01	2.8600	0.2	s
19-01-2026 11:12:14	2.8600	0.1	s
19-01-2026 11:11:43	2.8600	0.2	s
19-01-2026 11:11:09	2.8600	0.2	s
19-01-2026 11:10:20	2.8600	0.2	s
19-01-2026 11:09:39	2.8600	0.1	s
19-01-2026 11:09:02	2.8600	0.2	s
19-01-2026 11:08:18	2.8600	0.2	s
19-01-2026 11:07:20	2.8600	0.7	s
19-01-2026 11:07:11	2.8500	2.4	b
19-01-2026 11:06:38	2.8500	1	b
19-01-2026 11:06:23	2.8600	0.1	s
19-01-2026 11:06:23	2.8600	0.1	s
19-01-2026 11:05:50	2.8600	0.1	s
19-01-2026 11:05:11	2.8600	0.1	s
19-01-2026 11:04:54	2.8600	0.2	s
19-01-2026 11:04:14	2.8500	1.9	b
19-01-2026 11:03:54	2.8600	0.1	s
19-01-2026 11:03:30	2.8600	0.2	s
19-01-2026 11:02:48	2.8600	0.1	s
19-01-2026 11:02:15	2.8600	0.1	s
19-01-2026 11:02:08	2.8600	0.1	s
19-01-2026 11:01:56	2.8600	0.3	s
19-01-2026 11:00:59	2.8600	0.1	s
19-01-2026 11:00:17	2.8600	0.4	s
19-01-2026 10:59:17	2.8600	0.2	s
19-01-2026 10:58:25	2.8600	0.2	s
19-01-2026 10:57:38	2.8600	0.3	s
19-01-2026 10:56:37	2.8600	0.2	s
19-01-2026 10:56:13	2.8600	0.2	s
19-01-2026 10:56:09	2.8600	0.5	s
19-01-2026 10:55:55	2.8600	0.1	s
19-01-2026 10:55:38	2.8600	0.2	s
19-01-2026 10:55:12	2.8600	0.1	s
19-01-2026 10:54:40	2.8600	0.1	s
19-01-2026 10:50:45	2.8600	1.3	s
19-01-2026 10:50:10	2.8600	0.1	b
19-01-2026 10:50:10	2.8600	0.1	s
19-01-2026 10:50:10	2.8600	0.2	s
19-01-2026 10:50:09	2.8600	0.2	s
19-01-2026 10:50:06	2.8600	0.1	b
19-01-2026 10:50:06	2.8600	0.1	s
19-01-2026 10:50:04	2.8600	0.2	s
19-01-2026 10:50:04	2.8600	0.2	s
19-01-2026 10:50:01	2.8600	0.2	s
19-01-2026 10:50:01	2.8600	0.2	s
19-01-2026 10:50:01	2.8600	0.1	s
19-01-2026 10:50:01	2.8700	2.1	s
19-01-2026 10:50:01	2.8600	0.1	s
19-01-2026 10:50:01	2.8600	0.2	s
19-01-2026 10:50:00	2.8600	0.4	b
19-01-2026 10:49:59	2.8600	0.3	b
19-01-2026 10:49:59	2.8600	0.3	b
19-01-2026 10:49:59	2.8700	3.7	s
19-01-2026 10:49:59	2.8600	0.9	s
19-01-2026 10:49:58	2.8600	15	s
19-01-2026 10:49:58	2.8600	115.1	b
19-01-2026 10:49:53	2.8700	6.3	s
19-01-2026 10:49:51	2.8700	12.4	s
19-01-2026 10:49:51	2.8600	0.9	s
19-01-2026 10:49:50	2.8600	8.3	b
19-01-2026 10:49:50	2.8700	6.8	s
19-01-2026 10:49:50	2.8600	22.5	b
19-01-2026 10:49:50	2.8600	13.5	b
19-01-2026 10:49:50	2.8600	202.6	b
19-01-2026 10:49:50	2.8600	100.7	s
19-01-2026 10:49:41	2.8500	0.3	b
19-01-2026 10:49:30	2.8600	0.6	s
19-01-2026 10:49:24	2.8600	1.9	s
19-01-2026 10:49:16	2.8600	1	s
19-01-2026 10:49:15	2.8600	3.4	s
19-01-2026 10:49:12	2.8600	0.4	s
19-01-2026 10:49:10	2.8600	7.4	s
19-01-2026 10:49:08	2.8600	47.9	s
19-01-2026 10:49:08	2.8600	6.2	s
19-01-2026 10:49:08	2.8600	6.1	s
19-01-2026 10:49:07	2.8600	7.4	s
19-01-2026 10:49:07	2.8600	11.8	s
19-01-2026 10:49:06	2.8500	7.1	b
19-01-2026 10:49:06	2.8500	334.5	s
19-01-2026 10:48:46	2.8500	0.3	s
19-01-2026 10:48:23	2.8500	0.4	s
19-01-2026 10:47:52	2.8500	2.8	s
19-01-2026 10:47:35	2.8500	0.4	s
19-01-2026 10:47:34	2.8500	0.3	s
19-01-2026 10:47:33	2.8500	0.5	s
19-01-2026 10:47:32	2.8400	1.2	b
19-01-2026 10:47:32	2.8400	0.1	b
19-01-2026 10:47:31	2.8400	1.3	b
19-01-2026 10:47:30	2.8400	9.8	b
19-01-2026 10:44:17	2.8500	0.3	s
19-01-2026 10:44:14	2.8500	0.1	s
19-01-2026 10:44:14	2.8400	4.7	b
19-01-2026 10:43:14	2.8500	0.5	s
19-01-2026 10:42:26	2.8500	0.5	s
19-01-2026 10:41:47	2.8500	0.1	s
19-01-2026 10:41:44	2.8400	1.4	b
19-01-2026 10:41:44	2.8500	0.3	s
19-01-2026 10:41:44	2.8500	1.8	s
19-01-2026 10:41:41	2.8500	0.2	s
19-01-2026 10:41:39	2.8500	0.5	s
19-01-2026 10:41:28	2.8500	1	s
19-01-2026 10:41:26	2.8500	0.5	s
19-01-2026 10:40:49	2.8500	0.5	s
19-01-2026 10:40:22	2.8500	0.5	s
19-01-2026 10:39:16	2.8500	0.1	s
19-01-2026 10:39:12	2.8500	0.4	s
19-01-2026 10:39:12	2.8400	0.1	b
19-01-2026 10:39:10	2.8500	0.2	s
19-01-2026 10:39:10	2.8400	1.4	b
19-01-2026 10:39:09	2.8500	0.1	s
19-01-2026 10:39:09	2.8400	2	b
19-01-2026 10:38:13	2.8400	0.1	b
19-01-2026 10:37:28	2.8500	0.1	s
19-01-2026 10:35:35	2.8500	0.3	s
19-01-2026 10:35:34	2.8500	2.7	s
19-01-2026 10:35:34	2.8500	0.5	s
19-01-2026 10:35:33	2.8400	0.1	b
19-01-2026 10:35:33	2.8400	1.4	b
19-01-2026 10:35:32	2.8400	10.5	b
19-01-2026 10:30:44	2.8500	0.8	s
19-01-2026 10:28:47	2.8400	1.3	b
19-01-2026 10:28:46	2.8400	1.7	b
19-01-2026 10:25:16	2.8400	0.1	b
19-01-2026 10:25:14	2.8500	0.1	s
19-01-2026 10:25:09	2.8500	0.5	s
19-01-2026 10:25:06	2.8400	0.2	b
19-01-2026 10:25:06	2.8400	1.4	b
19-01-2026 10:25:06	2.8500	0.2	s
19-01-2026 10:25:05	2.8400	12	b
19-01-2026 10:24:16	2.8500	0.2	s
19-01-2026 10:24:14	2.8400	1.4	b
19-01-2026 10:24:14	2.8400	0.9	b
19-01-2026 10:24:13	2.8400	2.9	b
19-01-2026 10:22:27	2.8500	0.1	s
19-01-2026 10:20:24	2.8500	0.1	s
19-01-2026 10:19:39	2.8500	0.1	s
19-01-2026 10:18:33	2.8500	0.1	s
19-01-2026 10:18:30	2.8500	0.5	s
19-01-2026 10:18:26	2.8500	0.1	s
19-01-2026 10:17:26	2.8500	0.1	s
19-01-2026 10:17:22	2.8500	1.1	s
19-01-2026 10:16:26	2.8500	0.1	s
19-01-2026 10:15:26	2.8500	0.1	s
19-01-2026 10:14:50	2.8500	0.1	s
19-01-2026 10:14:35	2.8500	0.1	s
19-01-2026 10:14:20	2.8500	0.1	s
19-01-2026 10:14:04	2.8500	0.1	s
19-01-2026 10:13:49	2.8500	0.1	s
19-01-2026 10:13:33	2.8500	0.1	s
19-01-2026 10:13:19	2.8500	0.2	s
19-01-2026 10:13:19	2.8500	0.1	s
19-01-2026 10:13:18	2.8500	0.5	s
19-01-2026 10:13:17	2.8400	0.2	b
19-01-2026 10:13:17	2.8400	1.3	b
19-01-2026 10:13:16	2.8400	1.2	b
19-01-2026 10:13:15	2.8400	11.7	b
19-01-2026 10:12:57	2.8500	0.1	s
19-01-2026 10:12:42	2.8500	0.1	s
19-01-2026 10:11:57	2.8500	0.1	s
19-01-2026 10:11:56	2.8500	0.2	s
19-01-2026 10:11:54	2.8500	1.4	s
19-01-2026 10:10:31	2.8500	0.1	s
19-01-2026 10:10:29	2.8400	1.2	b
19-01-2026 10:10:29	2.8500	1.2	s
19-01-2026 10:08:55	2.8400	0.6	b
19-01-2026 10:07:23	2.8400	1.4	b
19-01-2026 10:05:58	2.8500	0.1	s
19-01-2026 10:05:57	2.8500	0.1	s
19-01-2026 10:05:51	2.8400	1.2	b
19-01-2026 10:05:49	2.8500	1.4	s
19-01-2026 10:05:49	2.8500	0.7	s
19-01-2026 10:05:48	2.8400	3.6	b
19-01-2026 10:05:47	2.8500	38	s
19-01-2026 10:04:16	2.8500	0.1	s
19-01-2026 10:04:14	2.8400	0.1	b
19-01-2026 10:04:14	2.8400	0.1	b
19-01-2026 10:04:13	2.8400	1.4	b
19-01-2026 10:04:13	2.8400	3.6	b
19-01-2026 10:03:23	2.8500	0.1	s
19-01-2026 10:03:22	2.8500	0.1	s
19-01-2026 10:03:21	2.8500	1	s
19-01-2026 10:02:34	2.8500	0.4	s
19-01-2026 10:02:33	2.8400	1.4	b
19-01-2026 10:02:33	2.8500	0.2	s
19-01-2026 10:02:33	2.8500	9.1	s
19-01-2026 10:02:26	2.8400	1.2	b
19-01-2026 10:02:25	2.8500	0.4	s
19-01-2026 10:02:25	2.8400	0.1	b
19-01-2026 10:02:25	2.8500	0.2	s
19-01-2026 10:02:25	2.8400	1.4	b
19-01-2026 10:02:25	2.8400	9.8	b
19-01-2026 10:02:23	2.8500	0.3	s
19-01-2026 10:00:20	2.8500	0.9	s
19-01-2026 10:00:05	2.8500	0.1	s
19-01-2026 09:57:15	2.8400	0.1	b
19-01-2026 09:57:15	2.8400	1.8	b
19-01-2026 09:56:46	2.8500	0.1	s
19-01-2026 09:54:56	2.8500	0.1	s
19-01-2026 09:53:03	2.8400	1.4	b
19-01-2026 09:52:17	2.8400	1.2	b
19-01-2026 09:52:16	2.8400	20	b
19-01-2026 09:52:06	2.8400	18.2	b
19-01-2026 09:50:39	2.8500	1.8	s
19-01-2026 09:49:52	2.8400	0.1	b
19-01-2026 09:49:07	2.8400	0.3	b
19-01-2026 09:48:04	2.8400	1.2	b
19-01-2026 09:48:04	2.8500	2.8	s
19-01-2026 09:45:10	2.8400	0.1	b
19-01-2026 09:44:31	2.8400	0.2	b
19-01-2026 09:42:49	2.8400	1.4	b
19-01-2026 09:42:23	2.8400	1	b
19-01-2026 09:42:01	2.8400	0.1	b
19-01-2026 09:41:52	2.8400	0.1	b
19-01-2026 09:41:24	2.8400	15.6	b
19-01-2026 09:40:42	2.8400	3	b
19-01-2026 09:39:35	2.8400	0.1	b
19-01-2026 09:39:31	2.8400	0.1	b
19-01-2026 09:39:12	2.8400	0.2	b
19-01-2026 09:38:12	2.8400	0.1	b
19-01-2026 09:38:03	2.8400	0.1	b
19-01-2026 09:37:12	2.8400	0.1	b
19-01-2026 09:37:02	2.8400	0.1	b
19-01-2026 09:36:42	2.8400	1.8	b
19-01-2026 09:36:23	2.8400	0.1	b
19-01-2026 09:35:51	2.8400	0.1	b
19-01-2026 09:35:42	2.8400	0.1	b
19-01-2026 09:35:08	2.8400	0.1	b
19-01-2026 09:34:51	2.8400	0.1	b
19-01-2026 09:34:33	2.8400	3.1	b
19-01-2026 09:34:08	2.8400	0.1	b
19-01-2026 09:33:15	2.8400	6.2	b
19-01-2026 09:30:34	2.8400	3.2	b
19-01-2026 09:29:39	2.8500	0.1	s
19-01-2026 09:29:39	2.8400	36	b
19-01-2026 09:29:05	2.8500	0.1	s
19-01-2026 09:27:57	2.8400	0.2	b
19-01-2026 09:23:43	2.8400	1.2	b
19-01-2026 09:21:04	2.8400	0.5	b
19-01-2026 09:16:55	2.8400	5	b
19-01-2026 09:16:12	2.8400	0.2	b
19-01-2026 09:16:01	2.8400	0.1	b
19-01-2026 09:15:56	2.8400	0.4	b
19-01-2026 09:15:17	2.8400	1.5	b
19-01-2026 09:15:17	2.8400	20.4	b
19-01-2026 09:15:16	2.8400	5.7	b
19-01-2026 09:15:08	2.8500	0.4	s
19-01-2026 09:14:45	2.8400	14.6	b
19-01-2026 09:14:45	2.8400	40.6	s
19-01-2026 09:14:45	2.8400	380.2	b
19-01-2026 09:14:08	2.8500	0.5	s
19-01-2026 09:14:00	2.8400	1	b
19-01-2026 09:06:09	2.8500	0.1	s
19-01-2026 09:04:58	2.8500	0.1	s
19-01-2026 09:02:23	2.8400	0.1	b
19-01-2026 09:02:07	2.8400	0.3	b
19-01-2026 09:01:59	2.8400	0.4	b
19-01-2026 09:01:47	2.8400	0.6	b
19-01-2026 09:01:46	2.8400	5	b
19-01-2026 09:01:45	2.8500	122.6	b
19-01-2026 09:01:42	2.8500	0.2	b
19-01-2026 09:01:37	2.8500	8.9	b
19-01-2026 09:01:35	2.8500	8.9	b
19-01-2026 09:01:34	2.8500	22.1	b
19-01-2026 09:01:34	2.8600	477.3	b
19-01-2026 09:01:33	2.8700	0.1	s
19-01-2026 09:01:30	2.8600	0.2	b
19-01-2026 09:01:26	2.8600	0.2	b
19-01-2026 09:01:21	2.8700	0.4	s
19-01-2026 09:01:09	2.8700	0.3	s
19-01-2026 09:01:07	2.8600	1.2	b
19-01-2026 09:01:03	2.8700	0.3	s
19-01-2026 09:00:59	2.8700	2.1	s
19-01-2026 09:00:55	2.8700	0.1	s
19-01-2026 09:00:53	2.8600	0.2	b
19-01-2026 09:00:42	2.8700	0.3	s
19-01-2026 09:00:40	2.8700	1.8	s
19-01-2026 09:00:32	2.8700	1.8	s
19-01-2026 09:00:30	2.8600	0.2	b
19-01-2026 09:00:03	2.8700	0.1	s
19-01-2026 09:00:01	2.8600	9	b
19-01-2026 09:00:01	2.8700	0.7	s
19-01-2026 08:58:18	2.8600	345.7	s
