Time	Price	Vol(k)	W
19-01-2026 16:38:12	1.1100	0.7	s
19-01-2026 16:38:08	1.1000	0.7	b
19-01-2026 16:37:48	1.1100	10	s
19-01-2026 16:37:45	1.1100	0.7	s
19-01-2026 16:37:10	1.1100	1	s
19-01-2026 16:37:00	1.1100	0.1	s
19-01-2026 16:36:59	1.1100	1.3	s
19-01-2026 16:36:52	1.1100	1.1	s
19-01-2026 16:36:51	1.1100	0.1	s
19-01-2026 16:36:46	1.1100	1.2	s
19-01-2026 16:36:09	1.1100	0.7	s
19-01-2026 16:35:43	1.1100	20	s
19-01-2026 16:34:57	1.1100	0.1	s
19-01-2026 16:34:32	1.1100	10	s
19-01-2026 16:34:23	1.1100	4.8	s
19-01-2026 16:34:22	1.1000	0.7	b
19-01-2026 16:33:30	1.1100	0.1	s
19-01-2026 16:32:06	1.1100	0.1	s
19-01-2026 16:31:57	1.1100	0.1	s
19-01-2026 16:31:37	1.1000	0.1	b
19-01-2026 16:31:36	1.1000	9	b
19-01-2026 16:31:35	1.1100	0.1	s
19-01-2026 16:31:18	1.1100	2	s
19-01-2026 16:31:10	1.1100	0.1	s
19-01-2026 16:30:59	1.1100	1.1	s
19-01-2026 16:30:42	1.1000	0.7	b
19-01-2026 16:29:28	1.1100	0.7	s
19-01-2026 16:27:40	1.1100	0.8	s
19-01-2026 16:26:55	1.1100	0.5	s
19-01-2026 16:26:47	1.1000	0.7	b
19-01-2026 16:23:02	1.1000	0.7	b
19-01-2026 16:19:03	1.1000	0.7	b
19-01-2026 16:18:34	1.1100	0.7	s
19-01-2026 16:18:18	1.1100	0.2	s
19-01-2026 16:18:14	1.1100	0.1	b
19-01-2026 16:18:14	1.1100	9.6	b
19-01-2026 16:18:14	1.1100	0.1	s
19-01-2026 16:18:14	1.1100	0.1	b
19-01-2026 16:18:14	1.1100	0.2	b
19-01-2026 16:18:14	1.1100	0.2	b
19-01-2026 16:18:13	1.1100	0.2	b
19-01-2026 16:18:13	1.1100	0.2	b
19-01-2026 16:18:13	1.1100	0.2	b
19-01-2026 16:18:13	1.1100	0.2	b
19-01-2026 16:18:13	1.1100	0.2	b
19-01-2026 16:18:13	1.1100	0.3	b
19-01-2026 16:18:12	1.1100	0.2	b
19-01-2026 16:18:12	1.1100	0.2	b
19-01-2026 16:18:12	1.1100	19.1	b
19-01-2026 16:18:12	1.1100	0.2	b
19-01-2026 16:18:12	1.1100	1.4	b
19-01-2026 16:18:12	1.1100	0.2	b
19-01-2026 16:18:12	1.1100	0.7	b
19-01-2026 16:18:12	1.1100	0.3	b
19-01-2026 16:18:11	1.1100	0.2	b
19-01-2026 16:18:11	1.1100	0.2	b
19-01-2026 16:18:11	1.1100	19.7	b
19-01-2026 16:18:11	1.1100	69.5	b
19-01-2026 16:18:11	1.1100	3.7	b
19-01-2026 16:18:11	1.1100	227.6	b
19-01-2026 16:18:11	1.1100	73.2	b
19-01-2026 16:18:10	1.1100	615.6	b
19-01-2026 16:17:51	1.1100	0.2	b
19-01-2026 16:17:50	1.1200	0.1	s
19-01-2026 16:17:13	1.1100	0.1	b
19-01-2026 16:17:12	1.1200	0.3	s
19-01-2026 16:16:30	1.1200	0.5	s
19-01-2026 16:15:56	1.1100	0.2	b
19-01-2026 16:15:56	1.1200	0.1	s
19-01-2026 16:15:09	1.1200	0.2	s
19-01-2026 16:14:11	1.1100	0.1	b
19-01-2026 16:14:10	1.1200	0.1	s
19-01-2026 16:13:51	1.1200	0.3	s
19-01-2026 16:12:16	1.1200	0.1	s
19-01-2026 16:12:02	1.1100	0.2	b
19-01-2026 16:12:02	1.1100	0.1	b
19-01-2026 16:12:02	1.1100	0.7	b
19-01-2026 16:11:22	1.1200	0.1	s
19-01-2026 16:10:30	1.1200	0.1	s
19-01-2026 16:10:22	1.1100	0.2	b
19-01-2026 16:10:22	1.1200	0.2	s
19-01-2026 16:10:08	1.1200	0.2	s
19-01-2026 16:09:09	1.1100	0.1	b
19-01-2026 16:09:09	1.1200	0.3	s
19-01-2026 16:09:05	1.1100	0.2	b
19-01-2026 16:09:05	1.1100	0.1	b
19-01-2026 16:09:05	1.1200	0.9	s
19-01-2026 16:08:36	1.1200	0.1	s
19-01-2026 16:08:14	1.1200	0.2	s
19-01-2026 16:07:48	1.1100	0.2	b
19-01-2026 16:07:48	1.1200	0.3	s
19-01-2026 16:07:34	1.1100	0.2	b
19-01-2026 16:07:34	1.1100	0.1	b
19-01-2026 16:07:34	1.1100	0.2	b
19-01-2026 16:07:34	1.1100	1.3	b
19-01-2026 16:07:34	1.1100	2.5	b
19-01-2026 16:07:33	1.1200	10	s
19-01-2026 16:06:50	1.1100	0.1	b
19-01-2026 16:06:49	1.1200	0.3	s
19-01-2026 16:06:30	1.1200	0.1	s
19-01-2026 16:06:29	1.1200	0.3	s
19-01-2026 16:06:28	1.1100	0.2	b
19-01-2026 16:06:28	1.1200	0.2	s
19-01-2026 16:06:26	1.1100	0.1	b
19-01-2026 16:06:26	1.1100	0.3	b
19-01-2026 16:06:26	1.1100	1.6	b
19-01-2026 16:06:26	1.1200	6	s
19-01-2026 16:05:36	1.1200	0.1	s
19-01-2026 16:05:28	1.1100	0.1	b
19-01-2026 16:05:28	1.1100	0.2	b
19-01-2026 16:05:28	1.1100	0.7	b
19-01-2026 16:05:27	1.1200	0.2	s
19-01-2026 16:04:05	1.1200	0.3	s
19-01-2026 16:03:51	1.1100	0.2	b
19-01-2026 16:03:50	1.1200	0.1	s
19-01-2026 16:03:38	1.1200	0.2	s
19-01-2026 16:02:07	1.1100	0.1	b
19-01-2026 16:02:07	1.1200	0.3	s
19-01-2026 16:01:56	1.1200	0.1	s
19-01-2026 16:00:27	1.1100	0.2	b
19-01-2026 16:00:26	1.1200	0.3	s
19-01-2026 15:59:53	1.1200	0.1	s
19-01-2026 15:58:56	1.1200	0.1	s
19-01-2026 15:58:27	1.1100	0.1	b
19-01-2026 15:58:27	1.1200	0.1	s
19-01-2026 15:58:03	1.1200	0.1	s
19-01-2026 15:57:55	1.1200	0.2	s
19-01-2026 15:57:33	1.1100	0.2	b
19-01-2026 15:57:32	1.1200	0.3	s
19-01-2026 15:57:16	1.1200	0.1	s
19-01-2026 15:57:11	1.1100	0.1	b
19-01-2026 15:57:11	1.1200	0.2	s
19-01-2026 15:56:31	1.1200	0.2	s
19-01-2026 15:56:23	1.1200	0.1	s
19-01-2026 15:55:46	1.1100	0.2	b
19-01-2026 15:55:46	1.1100	0.1	b
19-01-2026 15:55:46	1.1200	0.9	s
19-01-2026 15:55:36	1.1200	0.1	s
19-01-2026 15:55:35	1.1100	0.2	b
19-01-2026 15:55:34	1.1200	0.3	s
19-01-2026 15:55:28	1.1200	0.1	s
19-01-2026 15:54:57	1.1100	0.1	b
19-01-2026 15:54:57	1.1100	0.5	b
19-01-2026 15:54:57	1.1100	1.7	b
19-01-2026 15:54:24	1.1200	0.1	s
19-01-2026 15:54:18	1.1200	0.1	s
19-01-2026 15:53:59	1.1200	0.1	s
19-01-2026 15:53:58	1.1100	0.2	b
19-01-2026 15:53:58	1.1100	0.1	b
19-01-2026 15:53:57	1.1200	0.8	s
19-01-2026 15:52:56	1.1200	0.1	s
19-01-2026 15:52:05	1.1200	0.1	s
19-01-2026 15:51:24	1.1100	0.2	b
19-01-2026 15:51:24	1.1200	0.1	s
19-01-2026 15:51:10	1.1200	0.2	s
19-01-2026 15:50:50	1.1100	0.1	b
19-01-2026 15:50:49	1.1200	0.1	s
19-01-2026 15:50:19	1.1200	0.1	s
19-01-2026 15:50:16	1.1200	0.1	s
19-01-2026 15:49:24	1.1200	0.1	s
19-01-2026 15:49:14	1.1200	0.1	s
19-01-2026 15:48:56	1.1200	0.1	s
19-01-2026 15:48:47	1.1100	0.2	b
19-01-2026 15:48:47	1.1200	0.1	s
19-01-2026 15:48:17	1.1100	0.1	b
19-01-2026 15:48:17	1.1100	0.6	b
19-01-2026 15:48:17	1.1100	0.2	b
19-01-2026 15:48:16	1.1200	0.4	s
19-01-2026 15:48:04	1.1200	0.1	s
19-01-2026 15:47:36	1.1100	0.1	b
19-01-2026 15:47:36	1.1200	0.1	s
19-01-2026 15:47:29	1.1200	0.4	s
19-01-2026 15:47:11	1.1200	0.1	s
19-01-2026 15:46:47	1.1100	0.2	b
19-01-2026 15:46:47	1.1200	0.1	s
19-01-2026 15:46:19	1.1100	0.3	b
19-01-2026 15:46:19	1.1200	0.9	s
19-01-2026 15:46:16	1.1200	0.1	s
19-01-2026 15:45:45	1.1100	0.2	b
19-01-2026 15:45:45	1.1100	0.7	b
19-01-2026 15:45:45	1.1200	3	s
19-01-2026 15:45:37	1.1200	0.1	s
19-01-2026 15:45:20	1.1100	0.2	b
19-01-2026 15:45:19	1.1200	0.1	s
19-01-2026 15:45:16	1.1200	0.1	s
19-01-2026 15:45:00	1.1100	0.1	b
19-01-2026 15:44:59	1.1200	0.2	s
19-01-2026 15:44:25	1.1200	0.1	s
19-01-2026 15:44:16	1.1200	0.1	s
19-01-2026 15:43:26	1.1200	0.1	s
19-01-2026 15:43:22	1.1100	0.2	b
19-01-2026 15:43:22	1.1200	0.3	s
19-01-2026 15:43:09	1.1200	0.2	s
19-01-2026 15:42:56	1.1200	0.1	s
19-01-2026 15:42:24	1.1200	0.1	s
19-01-2026 15:42:17	1.1200	0.1	s
19-01-2026 15:41:56	1.1100	0.2	b
19-01-2026 15:41:56	1.1200	0.1	s
19-01-2026 15:41:11	1.1200	0.1	s
19-01-2026 15:40:56	1.1200	0.1	s
19-01-2026 15:40:56	1.1100	0.1	b
19-01-2026 15:40:55	1.1100	0.1	b
19-01-2026 15:40:40	1.1200	0.3	s
19-01-2026 15:40:11	1.1200	0.1	s
19-01-2026 15:39:47	1.1200	0.1	s
19-01-2026 15:39:36	1.1100	0.2	b
19-01-2026 15:39:36	1.1200	0.1	s
19-01-2026 15:38:10	1.1100	0.1	b
19-01-2026 15:38:10	1.1100	0.6	b
19-01-2026 15:38:09	1.1100	0.2	b
19-01-2026 15:38:09	1.1100	0.1	b
19-01-2026 15:38:09	1.1200	1.1	s
19-01-2026 15:37:51	1.1100	0.2	b
19-01-2026 15:37:51	1.1200	0.1	s
19-01-2026 15:37:43	1.1200	0.1	s
19-01-2026 15:37:34	1.1100	0.1	b
19-01-2026 15:37:33	1.1200	0.2	s
19-01-2026 15:37:16	1.1200	0.1	s
19-01-2026 15:36:37	1.1200	0.3	s
19-01-2026 15:36:00	1.1200	0.1	s
19-01-2026 15:35:31	1.1100	0.2	b
19-01-2026 15:35:31	1.1200	0.1	s
19-01-2026 15:34:36	1.1200	0.1	s
19-01-2026 15:34:14	1.1200	0.1	s
19-01-2026 15:33:00	1.1200	0.3	s
19-01-2026 15:32:53	1.1100	0.2	b
19-01-2026 15:32:53	1.1100	0.1	b
19-01-2026 15:32:53	1.1200	0.5	s
19-01-2026 15:32:51	1.1100	0.2	b
19-01-2026 15:32:51	1.1100	0.7	b
19-01-2026 15:32:51	1.1100	0.1	b
19-01-2026 15:32:50	1.1100	0.2	b
19-01-2026 15:32:50	1.1100	0.4	b
19-01-2026 15:32:50	1.1100	2.2	b
19-01-2026 15:32:50	1.1200	8.6	s
19-01-2026 15:32:11	1.1200	0.1	s
19-01-2026 15:32:00	1.1200	0.1	s
19-01-2026 15:31:11	1.1200	0.2	s
19-01-2026 15:30:56	1.1100	0.2	b
19-01-2026 15:30:56	1.1200	0.1	s
19-01-2026 15:30:22	1.1200	0.1	s
19-01-2026 15:30:05	1.1100	0.1	b
19-01-2026 15:30:05	1.1200	0.2	s
19-01-2026 15:30:05	1.1200	0.3	s
19-01-2026 15:27:31	1.1200	0.1	s
19-01-2026 15:27:03	1.1200	0.1	s
19-01-2026 15:25:56	1.1100	0.2	b
19-01-2026 15:25:56	1.1200	0.1	s
19-01-2026 15:25:52	1.1100	0.1	b
19-01-2026 15:25:52	1.1200	0.3	s
19-01-2026 15:25:23	1.1200	0.1	s
19-01-2026 15:25:19	1.1200	0.4	s
19-01-2026 15:23:34	1.1100	0.2	b
19-01-2026 15:23:34	1.1200	0.1	s
19-01-2026 15:23:11	1.1200	0.1	s
19-01-2026 15:22:21	1.1100	0.1	b
19-01-2026 15:22:21	1.1200	0.3	s
19-01-2026 15:22:16	1.1200	0.1	s
19-01-2026 15:20:11	1.1200	0.1	s
19-01-2026 15:19:16	1.1200	0.1	s
19-01-2026 15:18:31	1.1100	0.2	b
19-01-2026 15:18:31	1.1200	0.3	s
19-01-2026 15:18:08	1.1200	0.1	s
19-01-2026 15:17:21	1.1100	0.1	b
19-01-2026 15:17:20	1.1200	0.1	s
19-01-2026 15:16:47	1.1100	0.2	b
19-01-2026 15:16:47	1.1100	0.1	b
19-01-2026 15:16:45	1.1100	0.7	b
19-01-2026 15:16:45	1.1100	0.1	b
19-01-2026 15:16:44	1.1200	0.3	s
19-01-2026 15:16:43	1.1100	0.3	b
19-01-2026 15:16:43	1.1100	3	b
19-01-2026 15:16:43	1.1100	0.1	b
19-01-2026 15:16:41	1.1100	0.2	b
19-01-2026 15:16:40	1.1100	0.1	b
19-01-2026 15:16:38	1.1100	0.2	b
19-01-2026 15:16:36	1.1100	0.1	b
19-01-2026 15:16:34	1.1100	0.2	b
19-01-2026 15:16:33	1.1100	0.1	b
19-01-2026 15:16:31	1.1100	0.4	b
19-01-2026 15:16:31	1.1100	0.1	b
19-01-2026 15:16:24	1.1200	0.1	s
19-01-2026 15:16:11	1.1200	0.1	s
19-01-2026 15:15:56	1.1200	0.1	s
19-01-2026 15:14:52	1.1200	0.3	s
19-01-2026 15:13:51	1.1200	0.1	s
19-01-2026 15:13:36	1.1200	0.1	s
19-01-2026 15:13:02	1.1100	0.7	b
19-01-2026 15:13:02	1.1200	0.1	s
19-01-2026 15:11:31	1.1200	0.1	s
19-01-2026 15:11:18	1.1200	0.1	s
19-01-2026 15:11:17	1.1200	0.2	s
19-01-2026 15:11:16	1.1200	0.1	s
19-01-2026 15:10:14	1.1200	0.1	s
19-01-2026 15:10:02	1.1200	0.2	s
19-01-2026 15:09:11	1.1200	0.1	s
19-01-2026 15:09:07	1.1200	0.2	s
19-01-2026 15:08:56	1.1200	0.1	s
19-01-2026 15:07:01	1.1200	0.3	s
19-01-2026 15:06:51	1.1200	0.1	s
19-01-2026 15:06:36	1.1200	0.1	s
19-01-2026 15:06:20	1.1200	0.1	s
19-01-2026 15:04:51	1.1200	0.1	s
19-01-2026 15:04:36	1.1200	0.1	s
19-01-2026 15:04:08	1.1200	0.1	s
19-01-2026 15:03:40	1.1200	0.3	s
19-01-2026 15:03:09	1.1200	0.1	s
19-01-2026 15:02:54	1.1200	0.3	s
19-01-2026 15:02:16	1.1200	0.1	s
19-01-2026 15:02:11	1.1200	0.1	s
19-01-2026 15:01:12	1.1200	0.1	s
19-01-2026 15:01:04	1.1200	0.1	s
19-01-2026 15:00:31	1.1200	0.3	s
19-01-2026 15:00:11	1.1200	0.1	s
19-01-2026 14:59:58	1.1200	0.1	s
19-01-2026 14:59:56	1.1200	0.1	s
19-01-2026 14:58:58	1.1200	3	s
19-01-2026 14:56:56	1.1200	0.1	s
19-01-2026 14:56:51	1.1200	0.1	s
19-01-2026 14:56:31	1.1200	0.1	s
19-01-2026 14:56:27	1.1200	0.3	s
19-01-2026 14:56:26	1.1200	0.1	s
19-01-2026 14:53:36	1.1200	0.1	s
19-01-2026 14:53:29	1.1200	0.1	s
19-01-2026 14:52:33	1.1200	0.3	s
19-01-2026 14:51:27	1.1200	1.1	s
19-01-2026 14:50:39	1.1200	0.1	s
19-01-2026 14:50:36	1.1200	0.1	s
19-01-2026 14:50:24	1.1200	0.1	s
19-01-2026 14:48:35	1.1200	0.1	s
19-01-2026 14:48:35	1.1200	0.3	s
19-01-2026 14:47:06	1.1200	0.1	s
19-01-2026 14:46:56	1.1200	0.3	s
19-01-2026 14:46:19	1.1200	0.1	s
19-01-2026 14:44:00	1.1200	0.3	s
19-01-2026 14:43:56	1.1200	0.1	s
19-01-2026 14:43:39	1.1200	0.1	s
19-01-2026 14:41:36	1.1200	0.1	s
19-01-2026 14:39:49	1.1200	0.1	s
19-01-2026 14:39:49	1.1200	0.2	s
19-01-2026 14:39:23	1.1200	0.1	s
19-01-2026 14:38:49	1.1200	0.1	s
19-01-2026 14:38:46	1.1200	0.6	s
19-01-2026 14:38:23	1.1200	0.1	s
19-01-2026 14:37:59	1.1200	0.2	s
19-01-2026 14:37:59	1.1200	0.1	s
19-01-2026 14:37:59	1.1200	0.2	s
19-01-2026 14:37:56	1.1200	0.1	s
19-01-2026 14:36:28	1.1200	0.1	s
19-01-2026 14:36:22	1.1200	0.1	s
19-01-2026 14:35:55	1.1200	0.1	s
19-01-2026 14:35:39	1.1200	0.1	s
19-01-2026 14:33:59	1.1100	0.7	b
19-01-2026 14:33:59	1.1200	0.3	s
19-01-2026 14:33:55	1.1200	0.1	s
19-01-2026 14:32:57	1.1200	0.1	s
19-01-2026 14:32:47	1.1200	0.1	s
19-01-2026 14:30:28	1.1200	0.1	s
19-01-2026 14:29:44	1.1200	0.3	s
19-01-2026 14:29:26	1.1200	0.1	s
19-01-2026 14:27:52	1.1200	0.1	s
19-01-2026 14:27:03	1.1100	0.2	b
19-01-2026 14:27:03	1.1100	0.1	b
19-01-2026 14:27:03	1.1200	0.7	s
19-01-2026 14:25:15	1.1200	0.3	s
19-01-2026 14:24:40	1.1100	0.2	b
19-01-2026 14:24:40	1.1100	0.1	b
19-01-2026 14:24:40	1.1200	0.6	s
19-01-2026 14:23:27	1.1200	0.1	s
19-01-2026 14:20:41	1.1100	0.2	b
19-01-2026 14:20:41	1.1200	0.3	s
19-01-2026 14:19:28	1.1200	0.1	s
19-01-2026 14:19:09	1.1200	0.1	s
19-01-2026 14:18:27	1.1100	0.1	b
19-01-2026 14:18:26	1.1200	0.1	s
19-01-2026 14:16:03	1.1200	0.3	s
19-01-2026 14:13:47	1.1100	0.2	b
19-01-2026 14:13:47	1.1100	0.1	b
19-01-2026 14:13:47	1.1100	0.7	b
19-01-2026 14:13:44	1.1200	0.1	s
19-01-2026 14:13:35	1.1200	0.1	s
19-01-2026 14:12:37	1.1200	0.1	s
19-01-2026 14:12:24	1.1100	0.2	b
19-01-2026 14:12:24	1.1200	0.3	s
19-01-2026 14:12:21	1.1200	0.3	s
19-01-2026 14:11:40	1.1200	0.1	s
19-01-2026 14:10:28	1.1100	0.2	b
19-01-2026 14:10:28	1.1200	0.1	s
19-01-2026 14:09:06	1.1200	0.1	s
19-01-2026 14:08:39	1.1200	0.1	s
19-01-2026 14:08:05	1.1100	0.1	b
19-01-2026 14:08:05	1.1200	0.3	s
19-01-2026 14:04:51	1.1200	0.1	s
19-01-2026 14:04:22	1.1200	0.2	s
19-01-2026 14:03:48	1.1100	0.2	b
19-01-2026 14:03:48	1.1200	0.1	s
19-01-2026 14:03:12	1.1200	0.1	s
19-01-2026 14:02:28	1.1100	0.1	b
19-01-2026 14:02:28	1.1200	0.2	s
19-01-2026 14:00:04	1.1100	0.2	b
19-01-2026 14:00:04	1.1100	0.6	b
19-01-2026 14:00:04	1.1200	2.4	s
19-01-2026 13:59:59	1.1200	0.1	s
19-01-2026 13:59:58	1.1100	0.2	b
19-01-2026 13:59:58	1.1100	0.1	b
19-01-2026 13:59:58	1.1200	0.8	s
19-01-2026 13:59:48	1.1200	0.1	s
19-01-2026 13:59:05	1.1200	0.3	s
19-01-2026 13:58:52	1.1200	0.1	s
19-01-2026 13:58:07	1.1100	0.2	b
19-01-2026 13:58:07	1.1200	0.1	s
19-01-2026 13:55:47	1.1200	0.1	s
19-01-2026 13:55:10	1.1100	0.1	b
19-01-2026 13:55:10	1.1200	0.3	s
19-01-2026 13:55:08	1.1200	0.1	s
19-01-2026 13:54:55	1.1100	0.2	b
19-01-2026 13:54:55	1.1100	0.1	b
19-01-2026 13:54:55	1.1200	1.1	s
19-01-2026 13:54:52	1.1200	0.1	s
19-01-2026 13:54:28	1.1100	0.2	b
19-01-2026 13:54:28	1.1200	0.1	s
19-01-2026 13:54:12	1.1200	0.1	s
19-01-2026 13:54:09	1.1200	0.1	s
19-01-2026 13:53:52	1.1100	0.1	b
19-01-2026 13:53:52	1.1200	0.1	s
19-01-2026 13:53:50	1.1200	0.1	s
19-01-2026 13:53:13	1.1200	0.1	s
19-01-2026 13:53:12	1.1200	0.1	s
19-01-2026 13:52:51	1.1100	0.2	b
19-01-2026 13:52:51	1.1200	0.3	s
19-01-2026 13:52:50	1.1100	0.1	b
19-01-2026 13:52:50	1.1100	0.8	b
19-01-2026 13:52:50	1.1100	2.5	b
19-01-2026 13:52:50	1.1200	10	s
19-01-2026 13:52:39	1.1200	0.1	s
19-01-2026 13:52:35	1.1200	0.1	s
19-01-2026 13:52:06	1.1200	0.3	s
19-01-2026 13:52:03	1.1100	0.2	b
19-01-2026 13:52:02	1.1200	0.1	s
19-01-2026 13:51:55	1.1200	0.1	s
19-01-2026 13:51:25	1.1200	0.1	s
19-01-2026 13:51:16	1.1100	0.1	b
19-01-2026 13:51:15	1.1200	0.1	s
19-01-2026 13:50:56	1.1200	0.1	s
19-01-2026 13:50:56	1.1200	0.3	s
19-01-2026 13:50:49	1.1200	0.1	s
19-01-2026 13:50:36	1.1100	0.2	b
19-01-2026 13:50:35	1.1200	0.1	s
19-01-2026 13:50:14	1.1200	0.1	s
19-01-2026 13:50:09	1.1200	0.1	s
19-01-2026 13:50:04	1.1100	0.1	b
19-01-2026 13:50:04	1.1200	0.1	s
19-01-2026 13:49:52	1.1100	0.3	b
19-01-2026 13:49:52	1.1200	0.9	s
19-01-2026 13:49:47	1.1200	0.1	s
19-01-2026 13:49:40	1.1200	0.3	s
19-01-2026 13:47:35	1.1200	0.1	s
19-01-2026 13:45:16	1.1100	0.2	b
19-01-2026 13:45:15	1.1200	0.1	s
19-01-2026 13:45:12	1.1100	0.1	b
19-01-2026 13:45:12	1.1200	0.3	s
19-01-2026 13:41:00	1.1200	0.1	s
19-01-2026 13:40:18	1.1200	0.3	s
19-01-2026 13:38:20	1.1200	0.1	s
19-01-2026 13:37:00	1.1100	0.2	b
19-01-2026 13:37:00	1.1200	0.1	s
19-01-2026 13:36:58	1.1100	0.1	b
19-01-2026 13:36:58	1.1200	0.3	s
19-01-2026 13:33:12	1.1200	0.3	s
19-01-2026 13:28:26	1.1200	0.2	s
19-01-2026 13:26:56	1.1100	0.2	b
19-01-2026 13:26:56	1.1100	0.5	b
19-01-2026 13:26:24	1.1100	0.2	b
19-01-2026 13:26:23	1.1200	0.2	s
19-01-2026 13:22:18	1.1100	0.1	b
19-01-2026 13:22:17	1.1200	0.3	s
19-01-2026 13:18:13	1.1200	0.3	s
19-01-2026 13:15:05	1.1200	0.1	s
19-01-2026 13:14:26	1.1100	0.2	b
19-01-2026 13:14:25	1.1200	0.3	s
19-01-2026 13:10:15	1.1100	0.1	b
19-01-2026 13:10:14	1.1200	0.3	s
19-01-2026 13:09:41	1.1100	0.2	b
19-01-2026 13:09:41	1.1100	0.1	b
19-01-2026 13:09:40	1.1200	0.8	s
19-01-2026 13:06:42	1.1200	0.3	s
19-01-2026 13:06:15	1.1100	0.2	b
19-01-2026 13:06:14	1.1100	0.1	b
19-01-2026 13:06:14	1.1200	0.8	s
19-01-2026 13:06:13	1.1100	0.2	b
19-01-2026 13:06:13	1.1100	0.1	b
19-01-2026 13:06:13	1.1100	1.4	b
19-01-2026 13:06:13	1.1100	5	b
19-01-2026 13:06:13	1.1200	20	s
19-01-2026 13:03:05	1.1100	0.1	b
19-01-2026 13:03:04	1.1200	0.3	s
19-01-2026 13:00:45	1.1200	0.3	s
19-01-2026 13:00:05	1.1100	0.2	b
19-01-2026 13:00:05	1.1200	0.3	s
19-01-2026 13:00:02	1.1100	0.2	b
19-01-2026 13:00:02	1.1100	0.1	b
19-01-2026 13:00:02	1.1100	0.9	b
19-01-2026 13:00:01	1.1100	3.6	b
19-01-2026 12:58:46	1.1100	14.7	s
19-01-2026 11:59:56	1.1100	0.2	b
19-01-2026 11:59:56	1.1100	0.1	b
19-01-2026 11:59:55	1.1200	0.5	s
19-01-2026 11:59:55	1.1200	0.1	s
19-01-2026 11:59:53	1.1200	0.4	s
19-01-2026 11:59:36	1.1100	0.2	b
19-01-2026 11:59:36	1.1200	0.1	s
19-01-2026 11:59:28	1.1100	0.1	b
19-01-2026 11:59:28	1.1200	0.3	s
19-01-2026 11:59:27	1.1200	0.2	s
19-01-2026 11:59:15	1.1200	0.1	s
19-01-2026 11:58:51	1.1100	0.2	b
19-01-2026 11:58:51	1.1200	0.3	s
19-01-2026 11:58:36	1.1200	0.1	s
19-01-2026 11:58:25	1.1100	0.1	b
19-01-2026 11:58:25	1.1200	0.3	s
19-01-2026 11:58:15	1.1200	0.1	s
19-01-2026 11:57:56	1.1200	0.1	s
19-01-2026 11:57:35	1.1200	0.1	s
19-01-2026 11:57:23	1.1100	0.2	b
19-01-2026 11:57:23	1.1200	0.4	s
19-01-2026 11:56:56	1.1100	0.1	b
19-01-2026 11:56:56	1.1200	0.1	s
19-01-2026 11:56:46	1.1200	0.2	s
19-01-2026 11:56:37	1.1200	0.3	s
19-01-2026 11:56:35	1.1100	0.2	b
19-01-2026 11:56:35	1.1200	0.1	s
19-01-2026 11:56:08	1.1100	0.1	b
19-01-2026 11:56:08	1.1200	0.6	s
19-01-2026 11:55:59	1.1100	0.2	b
19-01-2026 11:55:58	1.1200	0.4	s
19-01-2026 11:55:56	1.1200	0.1	s
19-01-2026 11:55:40	1.1100	0.2	b
19-01-2026 11:55:40	1.1100	0.1	b
19-01-2026 11:55:40	1.1100	0.7	b
19-01-2026 11:55:35	1.1200	0.1	s
19-01-2026 11:55:32	1.1200	0.3	s
19-01-2026 11:55:31	1.1100	0.2	b
19-01-2026 11:55:30	1.1200	0.2	s
19-01-2026 11:55:28	1.1100	0.3	b
19-01-2026 11:55:28	1.1100	1.2	b
19-01-2026 11:55:27	1.1200	4.5	s
19-01-2026 11:55:16	1.1200	0.1	s
19-01-2026 11:55:03	1.1200	0.3	s
19-01-2026 11:55:00	1.1200	0.1	s
19-01-2026 11:54:55	1.1100	0.2	b
19-01-2026 11:54:55	1.1200	0.1	s
19-01-2026 11:54:16	1.1200	0.1	s
19-01-2026 11:53:15	1.1200	0.1	s
19-01-2026 11:52:56	1.1100	0.1	b
19-01-2026 11:52:56	1.1200	0.1	s
19-01-2026 11:51:56	1.1200	0.1	s
19-01-2026 11:50:39	1.1200	0.1	s
19-01-2026 11:50:36	1.1200	0.2	s
19-01-2026 11:50:04	1.1200	0.1	s
19-01-2026 11:50:01	1.1100	0.2	b
19-01-2026 11:50:01	1.1100	0.1	b
19-01-2026 11:50:01	1.1200	0.6	s
19-01-2026 11:49:45	1.1200	0.1	s
19-01-2026 11:49:43	1.1200	0.2	s
19-01-2026 11:49:43	1.1100	0.2	b
19-01-2026 11:49:42	1.1200	0.2	s
19-01-2026 11:49:42	1.1100	0.1	b
19-01-2026 11:49:42	1.1100	0.2	b
19-01-2026 11:49:41	1.1100	0.8	b
19-01-2026 11:49:38	1.1200	0.3	s
19-01-2026 11:49:18	1.1200	0.1	s
19-01-2026 11:49:15	1.1200	0.1	s
19-01-2026 11:48:48	1.1100	0.2	b
19-01-2026 11:48:48	1.1200	0.2	s
19-01-2026 11:48:36	1.1200	0.1	s
19-01-2026 11:48:36	1.1100	0.1	b
19-01-2026 11:48:36	1.1200	0.1	s
19-01-2026 11:47:41	1.1200	0.1	s
19-01-2026 11:47:37	1.1100	0.2	b
19-01-2026 11:47:37	1.1100	0.7	b
19-01-2026 11:46:35	1.1100	0.1	b
19-01-2026 11:46:35	1.1200	0.1	s
19-01-2026 11:45:56	1.1200	0.1	s
19-01-2026 11:45:43	1.1100	0.2	b
19-01-2026 11:45:43	1.1100	0.6	b
19-01-2026 11:45:34	1.1100	0.1	b
19-01-2026 11:45:34	1.1200	0.3	s
19-01-2026 11:44:38	1.1200	0.1	s
19-01-2026 11:44:33	1.1200	0.3	s
19-01-2026 11:43:15	1.1100	0.2	b
19-01-2026 11:43:15	1.1200	0.1	s
19-01-2026 11:42:14	1.1100	0.1	b
19-01-2026 11:42:14	1.1200	0.4	s
19-01-2026 11:41:56	1.1200	0.1	s
19-01-2026 11:40:26	1.1100	0.2	b
19-01-2026 11:40:26	1.1200	0.6	s
19-01-2026 11:40:24	1.1100	0.1	b
19-01-2026 11:40:24	1.1100	0.2	b
19-01-2026 11:40:24	1.1100	0.7	b
19-01-2026 11:40:16	1.1200	0.3	s
19-01-2026 11:39:40	1.1200	0.1	s
19-01-2026 11:39:27	1.1200	0.1	s
19-01-2026 11:38:36	1.1100	0.2	b
19-01-2026 11:38:36	1.1200	0.1	s
19-01-2026 11:38:31	1.1200	0.1	s
19-01-2026 11:37:07	1.1200	0.1	s
19-01-2026 11:36:55	1.1100	0.1	b
19-01-2026 11:36:55	1.1200	0.2	s
19-01-2026 11:36:53	1.1200	0.3	s
19-01-2026 11:36:44	1.1100	0.2	b
19-01-2026 11:36:43	1.1200	0.3	s
19-01-2026 11:36:16	1.1200	0.1	s
19-01-2026 11:35:08	1.1100	0.1	b
19-01-2026 11:35:08	1.1100	0.2	b
19-01-2026 11:35:08	1.1200	0.7	s
19-01-2026 11:34:59	1.1100	0.1	b
19-01-2026 11:34:59	1.1200	0.6	s
19-01-2026 11:34:57	1.1100	0.2	b
19-01-2026 11:34:57	1.1100	0.1	b
19-01-2026 11:34:57	1.1200	1.1	s
19-01-2026 11:34:55	1.1100	0.2	b
19-01-2026 11:34:55	1.1200	0.1	s
19-01-2026 11:34:40	1.1200	0.1	s
19-01-2026 11:34:36	1.1200	0.1	s
19-01-2026 11:33:47	1.1100	0.1	b
19-01-2026 11:33:47	1.1200	0.1	s
19-01-2026 11:33:42	1.1100	0.2	b
19-01-2026 11:33:42	1.1100	0.7	b
19-01-2026 11:33:36	1.1200	0.1	s
19-01-2026 11:33:21	1.1100	0.2	b
19-01-2026 11:33:21	1.1200	0.4	s
19-01-2026 11:32:47	1.1100	0.1	b
19-01-2026 11:32:47	1.1200	0.3	s
19-01-2026 11:32:43	1.1200	0.1	s
19-01-2026 11:32:36	1.1200	0.1	s
19-01-2026 11:32:16	1.1200	0.1	s
19-01-2026 11:31:42	1.1200	0.1	s
19-01-2026 11:31:27	1.1200	0.1	s
19-01-2026 11:30:56	1.1100	0.2	b
19-01-2026 11:30:56	1.1200	0.1	s
19-01-2026 11:30:35	1.1100	0.1	b
19-01-2026 11:30:34	1.1200	0.6	s
19-01-2026 11:30:22	1.1200	0.2	s
19-01-2026 11:30:18	1.1100	0.2	b
19-01-2026 11:30:18	1.1200	0.1	s
19-01-2026 11:29:56	1.1200	0.1	s
19-01-2026 11:29:37	1.1100	0.1	b
19-01-2026 11:29:37	1.1200	0.3	s
19-01-2026 11:29:13	1.1100	0.2	b
19-01-2026 11:29:13	1.1100	0.6	b
19-01-2026 11:29:05	1.1100	0.1	b
19-01-2026 11:29:05	1.1200	0.6	s
19-01-2026 11:28:56	1.1200	0.1	s
19-01-2026 11:28:36	1.1100	0.2	b
19-01-2026 11:28:36	1.1200	0.6	s
19-01-2026 11:28:20	1.1100	0.2	b
19-01-2026 11:28:20	1.1100	0.4	b
19-01-2026 11:28:20	1.1200	1.3	s
19-01-2026 11:28:15	1.1200	0.2	s
19-01-2026 11:28:13	1.1100	0.2	b
19-01-2026 11:28:13	1.1100	0.6	b
19-01-2026 11:28:13	1.1100	1.8	b
19-01-2026 11:28:13	1.1200	8	s
19-01-2026 11:27:56	1.1200	0.1	s
19-01-2026 11:27:43	1.1100	0.2	b
19-01-2026 11:27:42	1.1200	0.1	s
19-01-2026 11:27:10	1.1200	0.2	s
19-01-2026 11:27:07	1.1100	0.2	b
19-01-2026 11:27:06	1.1200	0.6	s
19-01-2026 11:26:56	1.1100	0.1	b
19-01-2026 11:26:56	1.1200	0.1	s
19-01-2026 11:26:24	1.1200	0.1	s
19-01-2026 11:26:22	1.1200	0.3	s
19-01-2026 11:25:56	1.1200	0.1	s
19-01-2026 11:25:05	1.1100	0.2	b
19-01-2026 11:25:05	1.1100	0.1	b
19-01-2026 11:25:05	1.1200	0.6	s
19-01-2026 11:24:57	1.1100	0.2	b
19-01-2026 11:24:57	1.1100	0.1	b
19-01-2026 11:24:57	1.1100	0.7	b
19-01-2026 11:24:40	1.1200	0.1	s
19-01-2026 11:23:56	1.1200	0.1	s
19-01-2026 11:22:24	1.1100	0.2	b
19-01-2026 11:22:23	1.1100	0.1	b
19-01-2026 11:22:23	1.1100	0.7	b
19-01-2026 11:22:22	1.1200	0.3	s
19-01-2026 11:20:39	1.1100	0.2	b
19-01-2026 11:20:39	1.1100	0.1	b
19-01-2026 11:20:39	1.1200	0.7	s
19-01-2026 11:20:36	1.1200	0.1	s
19-01-2026 11:20:21	1.1100	0.2	b
19-01-2026 11:20:20	1.1100	0.8	b
19-01-2026 11:18:55	1.1100	0.2	b
19-01-2026 11:18:55	1.1100	0.1	b
19-01-2026 11:18:54	1.1200	0.6	s
19-01-2026 11:18:31	1.1200	0.2	s
19-01-2026 11:16:45	1.1200	0.2	s
19-01-2026 11:16:41	1.1100	0.2	b
19-01-2026 11:16:41	1.1200	0.2	s
19-01-2026 11:16:36	1.1200	0.1	s
19-01-2026 11:16:09	1.1100	0.1	b
19-01-2026 11:16:09	1.1100	0.6	b
19-01-2026 11:13:54	1.1100	0.2	b
19-01-2026 11:13:53	1.1100	0.1	b
19-01-2026 11:13:53	1.1200	0.4	s
19-01-2026 11:13:21	1.1200	0.3	s
19-01-2026 11:12:56	1.1200	0.1	s
19-01-2026 11:12:05	1.1100	0.2	b
19-01-2026 11:12:05	1.1100	0.1	b
19-01-2026 11:12:05	1.1100	0.7	b
19-01-2026 11:10:23	1.1100	0.2	b
19-01-2026 11:10:23	1.1100	0.6	b
19-01-2026 11:10:19	1.1200	0.3	s
19-01-2026 11:09:56	1.1100	0.2	b
19-01-2026 11:09:56	1.1200	0.1	s
19-01-2026 11:09:16	1.1200	0.1	s
19-01-2026 11:08:56	1.1200	0.1	s
19-01-2026 11:08:16	1.1200	0.1	s
19-01-2026 11:07:49	1.1200	0.3	s
19-01-2026 11:07:36	1.1200	0.1	s
19-01-2026 11:06:56	1.1200	0.1	s
19-01-2026 11:06:16	1.1200	0.1	s
19-01-2026 11:05:56	1.1100	0.2	b
19-01-2026 11:05:56	1.1200	0.1	s
19-01-2026 11:05:29	1.1100	0.1	b
19-01-2026 11:05:29	1.1200	0.3	s
19-01-2026 11:05:16	1.1200	0.1	s
19-01-2026 11:03:36	1.1100	0.2	b
19-01-2026 11:03:36	1.1200	0.6	s
19-01-2026 11:03:26	1.1200	0.1	s
19-01-2026 11:02:56	1.1100	0.1	b
19-01-2026 11:02:56	1.1200	0.1	s
19-01-2026 11:02:30	1.1200	0.2	s
19-01-2026 11:02:26	1.1100	0.2	b
19-01-2026 11:02:26	1.1100	0.2	b
19-01-2026 11:02:26	1.1200	0.7	s
19-01-2026 11:02:26	1.1100	0.1	b
19-01-2026 11:02:26	1.1100	0.7	b
19-01-2026 11:02:23	1.1200	0.1	s
19-01-2026 11:02:12	1.1200	0.3	s
19-01-2026 11:01:50	1.1100	0.2	b
19-01-2026 11:01:50	1.1200	0.1	s
19-01-2026 11:01:49	1.1100	0.1	b
19-01-2026 11:01:49	1.1100	0.8	b
19-01-2026 11:00:23	1.1100	0.2	b
19-01-2026 11:00:23	1.1200	0.1	s
19-01-2026 11:00:16	1.1200	0.1	s
19-01-2026 10:59:53	1.1200	0.1	s
19-01-2026 10:59:47	1.1100	0.1	b
19-01-2026 10:59:47	1.1200	0.1	s
19-01-2026 10:59:35	1.1200	0.1	s
19-01-2026 10:59:34	1.1200	0.3	s
19-01-2026 10:59:17	1.1200	0.1	s
19-01-2026 10:58:59	1.1100	0.2	b
19-01-2026 10:58:59	1.1200	0.1	s
19-01-2026 10:58:56	1.1200	0.1	s
19-01-2026 10:58:44	1.1200	0.1	s
19-01-2026 10:58:40	1.1100	0.1	b
19-01-2026 10:58:40	1.1200	0.1	s
19-01-2026 10:58:21	1.1200	0.1	s
19-01-2026 10:58:21	1.1100	0.2	b
19-01-2026 10:58:20	1.1100	0.6	b
19-01-2026 10:58:02	1.1200	0.1	s
19-01-2026 10:57:56	1.1100	0.1	b
19-01-2026 10:57:56	1.1200	0.2	s
19-01-2026 10:57:45	1.1200	0.1	s
19-01-2026 10:57:26	1.1200	0.1	s
19-01-2026 10:57:07	1.1200	0.1	s
19-01-2026 10:56:49	1.1200	0.1	s
19-01-2026 10:56:31	1.1100	0.2	b
19-01-2026 10:56:31	1.1200	0.1	s
19-01-2026 10:56:28	1.1200	0.3	s
19-01-2026 10:56:12	1.1200	0.1	s
19-01-2026 10:55:54	1.1200	0.1	s
19-01-2026 10:54:45	1.1100	0.2	b
19-01-2026 10:54:45	1.1100	0.1	b
19-01-2026 10:54:45	1.1200	0.5	s
19-01-2026 10:54:42	1.1100	0.2	b
19-01-2026 10:54:42	1.1100	0.6	b
19-01-2026 10:54:42	1.1100	2.6	b
19-01-2026 10:54:42	1.1200	10.5	s
19-01-2026 10:54:40	1.1100	0.2	b
19-01-2026 10:54:39	1.1200	0.2	s
19-01-2026 10:53:10	1.1100	0.1	b
19-01-2026 10:53:10	1.1200	0.3	s
19-01-2026 10:52:57	1.1100	0.2	b
19-01-2026 10:52:57	1.1100	0.7	b
19-01-2026 10:52:08	1.1100	0.1	b
19-01-2026 10:52:08	1.1100	0.7	b
19-01-2026 10:49:49	1.1100	0.2	b
19-01-2026 10:49:49	1.1200	0.3	s
19-01-2026 10:48:07	1.1100	0.1	b
19-01-2026 10:48:07	1.1200	0.2	s
19-01-2026 10:47:30	1.1200	0.2	s
19-01-2026 10:45:54	1.1100	0.2	b
19-01-2026 10:45:54	1.1100	0.7	b
19-01-2026 10:45:36	1.1100	0.2	b
19-01-2026 10:45:36	1.1200	0.2	s
19-01-2026 10:45:23	1.1200	0.1	s
19-01-2026 10:44:48	1.1100	0.1	b
19-01-2026 10:44:48	1.1200	0.2	s
19-01-2026 10:44:13	1.1100	0.2	b
19-01-2026 10:44:13	1.1100	0.7	b
19-01-2026 10:42:38	1.1100	0.1	b
19-01-2026 10:42:38	1.1200	0.3	s
19-01-2026 10:42:14	1.1200	0.2	s
19-01-2026 10:40:14	1.1100	0.2	b
19-01-2026 10:40:14	1.1200	0.3	s
19-01-2026 10:40:06	1.1200	0.2	s
19-01-2026 10:40:06	1.1100	0.1	b
19-01-2026 10:40:06	1.1100	0.2	b
19-01-2026 10:40:05	1.1200	0.7	s
19-01-2026 10:39:54	1.1100	0.1	b
19-01-2026 10:39:53	1.1100	0.7	b
19-01-2026 10:39:42	1.1100	0.2	b
19-01-2026 10:39:41	1.1200	0.2	s
19-01-2026 10:38:13	1.1100	0.1	b
19-01-2026 10:38:13	1.1200	0.3	s
19-01-2026 10:37:07	1.1100	0.2	b
19-01-2026 10:37:07	1.1200	1	s
19-01-2026 10:36:58	1.1100	0.2	b
19-01-2026 10:36:58	1.1100	0.4	b
19-01-2026 10:36:57	1.1200	1.4	s
19-01-2026 10:36:54	1.1200	0.3	s
19-01-2026 10:36:52	1.1100	0.2	b
19-01-2026 10:36:52	1.1100	0.3	b
19-01-2026 10:36:52	1.1100	1.2	b
19-01-2026 10:36:52	1.1200	5	s
19-01-2026 10:35:35	1.1200	0.3	s
19-01-2026 10:35:35	1.1100	0.2	b
19-01-2026 10:35:35	1.1100	0.1	b
19-01-2026 10:35:35	1.1100	0.7	b
19-01-2026 10:35:05	1.1100	0.2	b
19-01-2026 10:35:05	1.1100	0.1	b
19-01-2026 10:35:05	1.1100	0.7	b
19-01-2026 10:32:37	1.1200	0.3	s
19-01-2026 10:30:07	1.1100	0.2	b
19-01-2026 10:30:07	1.1200	0.6	s
19-01-2026 10:30:02	1.1100	0.2	b
19-01-2026 10:30:01	1.1200	0.3	s
19-01-2026 10:29:57	1.1200	0.1	s
19-01-2026 10:29:55	1.1100	0.1	b
19-01-2026 10:29:54	1.1100	0.6	b
19-01-2026 10:29:29	1.1100	0.2	b
19-01-2026 10:29:29	1.1100	0.1	b
19-01-2026 10:29:29	1.1200	0.4	s
19-01-2026 10:27:03	1.1100	0.2	b
19-01-2026 10:27:02	1.1100	0.7	b
19-01-2026 10:27:01	1.1100	0.1	b
19-01-2026 10:27:00	1.1200	0.3	s
19-01-2026 10:24:13	1.1100	0.2	b
19-01-2026 10:24:13	1.1100	0.7	b
19-01-2026 10:23:58	1.1100	0.1	b
19-01-2026 10:23:57	1.1200	0.3	s
19-01-2026 10:20:41	1.1200	0.1	s
19-01-2026 10:20:38	1.1200	0.2	s
19-01-2026 10:19:56	1.1100	0.2	b
19-01-2026 10:19:56	1.1100	0.1	b
19-01-2026 10:19:55	1.1200	0.4	s
19-01-2026 10:19:10	1.1200	0.2	s
19-01-2026 10:18:38	1.1100	0.2	b
19-01-2026 10:18:37	1.1100	0.7	b
19-01-2026 10:16:29	1.1100	0.2	b
19-01-2026 10:16:28	1.1200	0.3	s
19-01-2026 10:13:35	1.1100	0.1	b
19-01-2026 10:13:34	1.1200	0.3	s
19-01-2026 10:13:28	1.1200	0.1	s
19-01-2026 10:13:28	1.1100	0.2	b
19-01-2026 10:13:28	1.1100	0.1	b
19-01-2026 10:13:27	1.1200	1.3	s
19-01-2026 10:12:59	1.1100	0.2	b
19-01-2026 10:12:59	1.1100	0.1	b
19-01-2026 10:12:59	1.1200	0.9	s
19-01-2026 10:12:35	1.1100	0.2	b
19-01-2026 10:12:35	1.1100	0.3	b
19-01-2026 10:12:34	1.1200	1.2	s
19-01-2026 10:12:27	1.1100	0.1	b
19-01-2026 10:12:27	1.1200	0.4	s
19-01-2026 10:12:27	1.1100	0.2	b
19-01-2026 10:12:26	1.1100	0.7	b
19-01-2026 10:12:26	1.1100	0.2	b
19-01-2026 10:12:26	1.1100	0.1	b
19-01-2026 10:12:26	1.1100	0.6	b
19-01-2026 10:12:26	1.1100	2.8	b
19-01-2026 10:12:26	1.1200	1.1	s
19-01-2026 10:12:25	1.1200	10	s
19-01-2026 10:10:53	1.1200	0.1	s
19-01-2026 10:10:50	1.1100	0.2	b
19-01-2026 10:10:50	1.1100	0.4	b
19-01-2026 10:10:50	1.1200	1.6	s
19-01-2026 10:10:42	1.1100	0.2	b
19-01-2026 10:10:41	1.1200	0.3	s
19-01-2026 10:10:37	1.1100	0.1	b
19-01-2026 10:10:37	1.1100	0.7	b
19-01-2026 10:10:37	1.1100	0.2	b
19-01-2026 10:10:36	1.1200	0.2	s
19-01-2026 10:10:36	1.1100	0.5	b
19-01-2026 10:10:36	1.1100	1.8	b
19-01-2026 10:10:36	1.1200	7.1	s
19-01-2026 10:10:20	1.1200	0.1	s
19-01-2026 10:10:18	1.1100	0.2	b
19-01-2026 10:10:18	1.1100	0.1	b
19-01-2026 10:10:18	1.1100	0.7	b
19-01-2026 10:08:44	1.1200	0.1	s
19-01-2026 10:08:32	1.1200	0.3	s
19-01-2026 10:07:07	1.1100	0.2	b
19-01-2026 10:07:06	1.1200	0.3	s
19-01-2026 10:04:54	1.1100	0.1	b
19-01-2026 10:04:54	1.1200	0.3	s
19-01-2026 10:02:18	1.1200	0.3	s
19-01-2026 10:02:04	1.1100	0.2	b
19-01-2026 10:02:04	1.1100	0.2	b
19-01-2026 10:02:04	1.1100	0.7	b
19-01-2026 09:59:48	1.1200	0.1	s
19-01-2026 09:59:46	1.1100	0.1	b
19-01-2026 09:59:46	1.1200	0.3	s
19-01-2026 09:57:11	1.1200	0.1	s
19-01-2026 09:57:07	1.1200	0.3	s
19-01-2026 09:57:05	1.1100	0.2	b
19-01-2026 09:57:05	1.1100	0.1	b
19-01-2026 09:57:05	1.1100	0.7	b
19-01-2026 09:56:59	1.1200	0.2	s
19-01-2026 09:55:45	1.1100	0.2	b
19-01-2026 09:55:44	1.1100	0.4	b
19-01-2026 09:55:44	1.1200	1.6	s
19-01-2026 09:55:42	1.1100	0.2	b
19-01-2026 09:55:42	1.1200	0.3	s
19-01-2026 09:55:40	1.1100	0.5	b
19-01-2026 09:55:40	1.1100	1.5	b
19-01-2026 09:55:40	1.1100	6.4	b
19-01-2026 09:55:38	1.1200	0.2	s
19-01-2026 09:53:55	1.1200	0.2	s
19-01-2026 09:53:55	1.1100	0.7	b
19-01-2026 09:52:58	1.1200	0.3	s
19-01-2026 09:52:57	1.1200	1.9	s
19-01-2026 09:52:56	1.1100	0.7	b
19-01-2026 09:52:56	1.1200	10	s
19-01-2026 09:52:51	1.1200	0.3	s
19-01-2026 09:50:36	1.1200	1	s
19-01-2026 09:50:27	1.1200	0.3	s
19-01-2026 09:50:26	1.1100	0.7	b
19-01-2026 09:50:25	1.1200	9	s
19-01-2026 09:50:06	1.1200	0.3	s
19-01-2026 09:47:38	1.1200	0.3	s
19-01-2026 09:45:38	1.1200	0.3	s
19-01-2026 09:44:35	1.1200	0.7	s
19-01-2026 09:44:32	1.1200	0.1	s
19-01-2026 09:44:31	1.1200	6	s
19-01-2026 09:43:26	1.1200	0.3	s
19-01-2026 09:42:17	1.1200	0.1	s
19-01-2026 09:42:17	1.1200	0.4	s
19-01-2026 09:41:08	1.1200	0.3	s
19-01-2026 09:40:40	1.1200	0.1	s
19-01-2026 09:40:02	1.1200	0.7	s
19-01-2026 09:39:03	1.1200	0.4	s
19-01-2026 09:38:55	1.1200	0.3	s
19-01-2026 09:38:31	1.1200	0.6	s
19-01-2026 09:37:23	1.1200	0.3	s
19-01-2026 09:37:19	1.1200	10	s
19-01-2026 09:37:10	1.1200	0.1	s
19-01-2026 09:37:10	1.1200	0.8	s
19-01-2026 09:36:46	1.1200	0.3	s
19-01-2026 09:35:35	1.1200	0.7	s
19-01-2026 09:34:03	1.1200	0.6	s
19-01-2026 09:33:01	1.1200	1.2	s
19-01-2026 09:31:11	1.1200	69.5	s
19-01-2026 09:29:24	1.1200	0.3	s
19-01-2026 09:26:26	1.1200	0.3	s
19-01-2026 09:23:31	1.1200	0.3	s
19-01-2026 09:20:59	1.1200	0.1	s
19-01-2026 09:20:58	1.1200	0.3	s
19-01-2026 09:18:28	1.1200	0.3	s
19-01-2026 09:16:02	1.1200	0.1	s
19-01-2026 09:15:53	1.1200	0.3	s
19-01-2026 09:13:27	1.1200	0.2	s
19-01-2026 09:11:58	1.1200	0.2	s
19-01-2026 09:09:43	1.1200	0.3	s
19-01-2026 09:06:37	1.1200	7.3	b
19-01-2026 09:06:37	1.1200	2.8	s
19-01-2026 09:02:31	1.1200	0.1	b
19-01-2026 09:02:31	1.1200	0.1	s
19-01-2026 09:01:18	1.1200	0.2	s
19-01-2026 09:00:54	1.1200	1.4	b
19-01-2026 09:00:54	1.1200	0.1	s
19-01-2026 09:00:05	1.1200	0.1	b
19-01-2026 09:00:05	1.1200	0.1	s
19-01-2026 09:00:02	1.1200	0.1	b
19-01-2026 09:00:00	1.1200	16.5	s
19-01-2026 09:00:00	1.1200	1	s
19-01-2026 08:58:18	1.1200	9.4	b
