Time	Price	Vol(k)	W
19-01-2026 16:38:19	1.0500	0.5	s
19-01-2026 16:38:19	1.0400	0.2	b
19-01-2026 16:37:31	1.0500	0.5	s
19-01-2026 16:37:22	1.0400	0.2	b
19-01-2026 16:36:38	1.0500	0.5	s
19-01-2026 16:36:35	1.0400	0.3	b
19-01-2026 16:35:44	1.0500	0.5	s
19-01-2026 16:35:27	1.0400	0.1	b
19-01-2026 16:34:56	1.0500	0.5	s
19-01-2026 16:34:08	1.0500	0.5	s
19-01-2026 16:33:44	1.0500	0.8	s
19-01-2026 16:33:39	1.0500	0.5	s
19-01-2026 16:33:31	1.0500	0.1	s
19-01-2026 16:33:17	1.0500	0.5	s
19-01-2026 16:32:27	1.0500	0.5	s
19-01-2026 16:31:36	1.0500	0.5	s
19-01-2026 16:31:32	1.0400	0.5	b
19-01-2026 16:31:12	1.0500	1.2	s
19-01-2026 16:30:48	1.0500	0.5	s
19-01-2026 16:30:26	1.0500	0.5	s
19-01-2026 16:30:23	1.0400	0.1	b
19-01-2026 16:30:04	1.0500	0.5	s
19-01-2026 16:29:17	1.0500	0.5	s
19-01-2026 16:28:49	1.0500	0.4	s
19-01-2026 16:28:48	1.0500	5	s
19-01-2026 16:28:20	1.0500	0.5	s
19-01-2026 16:27:29	1.0500	0.5	s
19-01-2026 16:27:23	1.0500	0.5	s
19-01-2026 16:26:36	1.0500	0.5	s
19-01-2026 16:26:12	1.0400	0.4	b
19-01-2026 16:25:40	1.0500	0.5	s
19-01-2026 16:24:49	1.0400	0.2	b
19-01-2026 16:24:48	1.0500	0.5	s
19-01-2026 16:23:50	1.0500	0.5	s
19-01-2026 16:23:18	1.0500	1	s
19-01-2026 16:23:17	1.0500	10	s
19-01-2026 16:22:55	1.0400	0.2	b
19-01-2026 16:22:54	1.0500	0.5	s
19-01-2026 16:22:12	1.0500	0.1	s
19-01-2026 16:21:54	1.0500	0.5	s
19-01-2026 16:21:08	1.0500	0.5	s
19-01-2026 16:20:46	1.0500	1.2	s
19-01-2026 16:20:28	1.0400	0.1	b
19-01-2026 16:20:17	1.0500	0.5	s
19-01-2026 16:20:03	1.0500	0.4	s
19-01-2026 16:19:22	1.0500	0.5	s
19-01-2026 16:19:10	1.0400	0.3	b
19-01-2026 16:18:23	1.0500	0.5	s
19-01-2026 16:18:15	1.0500	0.3	s
19-01-2026 16:17:24	1.0500	0.5	s
19-01-2026 16:16:30	1.0500	0.5	s
19-01-2026 16:15:40	1.0500	0.5	s
19-01-2026 16:14:46	1.0500	0.5	s
19-01-2026 16:13:47	1.0500	0.5	s
19-01-2026 16:13:21	1.0400	0.2	b
19-01-2026 16:12:51	1.0500	0.3	s
19-01-2026 16:12:27	1.0500	0.4	s
19-01-2026 16:12:00	1.0500	0.4	s
19-01-2026 16:11:29	1.0500	0.3	s
19-01-2026 16:11:12	1.0400	0.2	b
19-01-2026 16:11:11	1.0500	0.5	s
19-01-2026 16:10:57	1.0500	0.3	s
19-01-2026 16:10:38	1.0400	0.2	b
19-01-2026 16:10:26	1.0500	0.4	s
19-01-2026 16:10:22	1.0400	0.1	b
19-01-2026 16:09:56	1.0500	1.2	s
19-01-2026 16:09:25	1.0500	0.5	s
19-01-2026 16:08:24	1.0500	0.5	s
19-01-2026 16:07:14	1.0500	0.5	s
19-01-2026 16:07:03	1.0500	0.1	s
19-01-2026 16:06:48	1.0400	0.2	b
19-01-2026 16:06:10	1.0500	0.5	s
19-01-2026 16:06:03	1.0400	0.2	b
19-01-2026 16:05:22	1.0400	0.1	b
19-01-2026 16:05:10	1.0500	0.5	s
19-01-2026 16:04:07	1.0400	0.2	b
19-01-2026 16:04:00	1.0500	0.5	s
19-01-2026 16:02:57	1.0500	0.5	s
19-01-2026 16:01:42	1.0500	0.5	s
19-01-2026 16:00:47	1.0500	0.5	s
19-01-2026 16:00:25	1.0400	0.1	b
19-01-2026 15:59:57	1.0500	0.5	s
19-01-2026 15:59:07	1.0500	0.5	s
19-01-2026 15:58:48	1.0400	0.2	b
19-01-2026 15:58:14	1.0500	0.5	s
19-01-2026 15:58:11	1.0500	1.2	s
19-01-2026 15:58:04	1.0500	0.5	s
19-01-2026 15:57:48	1.0500	0.1	s
19-01-2026 15:57:20	1.0500	0.5	s
19-01-2026 15:56:40	1.0500	0.3	s
19-01-2026 15:56:26	1.0500	0.5	s
19-01-2026 15:55:30	1.0500	0.5	s
19-01-2026 15:54:56	1.0400	37.6	b
19-01-2026 15:54:42	1.0500	2.7	s
19-01-2026 15:54:33	1.0500	0.5	s
19-01-2026 15:53:32	1.0500	0.5	s
19-01-2026 15:52:31	1.0500	0.5	s
19-01-2026 15:51:32	1.0500	0.5	s
19-01-2026 15:50:22	1.0500	0.3	s
19-01-2026 15:50:22	1.0400	0.1	b
19-01-2026 15:49:50	1.0500	0.4	s
19-01-2026 15:48:58	1.0500	0.5	s
19-01-2026 15:47:56	1.0500	0.3	s
19-01-2026 15:47:34	1.0500	0.5	s
19-01-2026 15:46:51	1.0500	0.5	s
19-01-2026 15:46:36	1.0500	1.2	s
19-01-2026 15:46:11	1.0500	0.3	s
19-01-2026 15:45:49	1.0500	0.4	s
19-01-2026 15:45:34	1.0500	0.5	s
19-01-2026 15:45:22	1.0400	0.1	b
19-01-2026 15:45:11	1.0500	0.4	s
19-01-2026 15:45:03	1.0500	0.5	s
19-01-2026 15:44:46	1.0400	0.3	b
19-01-2026 15:44:11	1.0500	0.5	s
19-01-2026 15:43:06	1.0500	0.5	s
19-01-2026 15:42:11	1.0500	0.5	s
19-01-2026 15:41:10	1.0500	0.5	s
19-01-2026 15:40:08	1.0500	0.5	s
19-01-2026 15:39:14	1.0400	0.2	b
19-01-2026 15:39:13	1.0500	0.5	s
19-01-2026 15:38:18	1.0500	0.5	s
19-01-2026 15:37:40	1.0500	0.1	s
19-01-2026 15:37:12	1.0500	0.5	s
19-01-2026 15:36:05	1.0500	0.5	s
19-01-2026 15:35:19	1.0400	0.1	b
19-01-2026 15:35:01	1.0500	0.5	s
19-01-2026 15:34:51	1.0500	1.2	s
19-01-2026 15:34:25	1.0400	0.2	b
19-01-2026 15:34:04	1.0500	0.5	s
19-01-2026 15:33:08	1.0500	0.5	s
19-01-2026 15:32:02	1.0500	0.5	s
19-01-2026 15:31:59	1.0500	0.5	s
19-01-2026 15:31:02	1.0500	0.5	s
19-01-2026 15:30:17	1.0500	1.2	s
19-01-2026 15:30:12	1.0500	0.5	s
19-01-2026 15:29:59	1.0400	0.2	b
19-01-2026 15:29:13	1.0500	0.5	s
19-01-2026 15:28:11	1.0500	0.5	s
19-01-2026 15:27:51	1.0500	0.5	s
19-01-2026 15:27:12	1.0500	0.5	s
19-01-2026 15:27:11	1.0400	0.2	b
19-01-2026 15:26:05	1.0500	0.5	s
19-01-2026 15:25:22	1.0400	0.1	b
19-01-2026 15:25:15	1.0400	0.2	b
19-01-2026 15:25:12	1.0500	0.5	s
19-01-2026 15:24:29	1.0400	0.2	b
19-01-2026 15:24:25	1.0500	0.5	s
19-01-2026 15:23:33	1.0500	0.5	s
19-01-2026 15:23:17	1.0400	0.2	b
19-01-2026 15:22:46	1.0500	0.7	s
19-01-2026 15:22:33	1.0500	0.5	s
19-01-2026 15:21:33	1.0500	0.3	s
19-01-2026 15:21:04	1.0500	0.4	s
19-01-2026 15:20:33	1.0500	0.4	s
19-01-2026 15:20:27	1.0400	0.2	b
19-01-2026 15:20:08	1.0500	0.5	s
19-01-2026 15:19:12	1.0500	0.5	s
19-01-2026 15:19:00	1.0500	0.3	s
19-01-2026 15:18:21	1.0500	0.5	s
19-01-2026 15:17:32	1.0400	0.4	b
19-01-2026 15:17:26	1.0500	0.5	s
19-01-2026 15:16:24	1.0500	0.5	s
19-01-2026 15:15:40	1.0500	0.1	s
19-01-2026 15:15:17	1.0500	0.5	s
19-01-2026 15:14:14	1.0500	0.5	s
19-01-2026 15:13:20	1.0500	0.5	s
19-01-2026 15:12:28	1.0500	0.5	s
19-01-2026 15:12:25	1.0500	0.4	s
19-01-2026 15:11:39	1.0500	0.5	s
19-01-2026 15:10:51	1.0500	0.5	s
19-01-2026 15:09:54	1.0500	0.5	s
19-01-2026 15:09:32	1.0500	0.7	s
19-01-2026 15:08:54	1.0500	0.5	s
19-01-2026 15:08:08	1.0500	0.5	s
19-01-2026 15:07:14	1.0500	0.5	s
19-01-2026 15:07:11	1.0500	11	s
19-01-2026 15:06:19	1.0500	0.5	s
19-01-2026 15:05:25	1.0500	0.5	s
19-01-2026 15:04:28	1.0500	0.7	s
19-01-2026 15:04:28	1.0500	0.5	s
19-01-2026 15:03:31	1.0500	0.3	s
19-01-2026 15:03:03	1.0500	0.4	s
19-01-2026 15:02:07	1.0500	0.5	s
19-01-2026 15:01:18	1.0500	0.5	s
19-01-2026 15:00:26	1.0500	0.5	s
19-01-2026 15:00:20	1.0500	0.1	s
19-01-2026 15:00:11	1.0500	0.5	s
19-01-2026 14:59:41	1.0400	0.2	b
19-01-2026 14:59:36	1.0500	0.1	s
19-01-2026 14:59:30	1.0500	0.5	s
19-01-2026 14:58:26	1.0500	0.5	s
19-01-2026 14:57:41	1.0500	0.1	s
19-01-2026 14:57:13	1.0500	0.5	s
19-01-2026 14:56:54	1.0500	0.5	s
19-01-2026 14:56:09	1.0500	0.5	s
19-01-2026 14:55:21	1.0400	3.4	b
19-01-2026 14:55:12	1.0500	0.5	s
19-01-2026 14:55:11	1.0500	0.1	s
19-01-2026 14:54:19	1.0500	0.5	s
19-01-2026 14:53:19	1.0500	0.1	s
19-01-2026 14:53:18	1.0500	0.5	s
19-01-2026 14:52:14	1.0500	0.1	s
19-01-2026 14:52:13	1.0500	0.5	s
19-01-2026 14:51:09	1.0500	0.5	s
19-01-2026 14:51:02	1.0500	0.1	s
19-01-2026 14:50:10	1.0500	0.5	s
19-01-2026 14:49:32	1.0500	0.1	s
19-01-2026 14:49:09	1.0500	0.5	s
19-01-2026 14:48:34	1.0500	0.5	s
19-01-2026 14:48:16	1.0500	0.5	s
19-01-2026 14:48:01	1.0500	0.1	s
19-01-2026 14:47:55	1.0500	0.1	s
19-01-2026 14:47:15	1.0500	0.5	s
19-01-2026 14:46:24	1.0500	0.1	s
19-01-2026 14:46:13	1.0500	0.5	s
19-01-2026 14:46:11	1.0500	0.5	s
19-01-2026 14:45:51	1.0500	0.5	s
19-01-2026 14:45:02	1.0500	0.1	s
19-01-2026 14:44:57	1.0500	0.5	s
19-01-2026 14:44:03	1.0500	0.1	s
19-01-2026 14:43:55	1.0500	0.5	s
19-01-2026 14:43:25	1.0400	1	b
19-01-2026 14:43:02	1.0500	0.3	s
19-01-2026 14:42:55	1.0500	0.5	s
19-01-2026 14:42:53	1.0500	99.2	s
19-01-2026 14:41:53	1.0500	0.5	s
19-01-2026 14:40:51	1.0500	0.5	s
19-01-2026 14:40:20	1.0400	0.1	b
19-01-2026 14:39:51	1.0500	0.5	s
19-01-2026 14:39:08	1.0400	0.1	b
19-01-2026 14:39:08	1.0500	0.4	s
19-01-2026 14:38:52	1.0500	0.5	s
19-01-2026 14:38:46	1.0400	0.4	b
19-01-2026 14:37:54	1.0500	0.5	s
19-01-2026 14:37:41	1.0400	0.1	b
19-01-2026 14:36:55	1.0500	0.5	s
19-01-2026 14:36:17	1.0500	0.4	s
19-01-2026 14:35:51	1.0500	0.5	s
19-01-2026 14:34:50	1.0500	0.5	s
19-01-2026 14:33:54	1.0500	0.3	s
19-01-2026 14:33:45	1.0500	1.1	s
19-01-2026 14:33:19	1.0500	0.4	s
19-01-2026 14:32:39	1.0500	0.3	s
19-01-2026 14:32:18	1.0500	0.5	s
19-01-2026 14:32:11	1.0500	0.5	s
19-01-2026 14:31:42	1.0500	0.1	s
19-01-2026 14:31:12	1.0500	0.4	s
19-01-2026 14:31:10	1.0500	0.5	s
19-01-2026 14:30:21	1.0500	0.1	s
19-01-2026 14:30:17	1.0500	0.5	s
19-01-2026 14:29:35	1.0500	0.1	s
19-01-2026 14:29:18	1.0500	0.5	s
19-01-2026 14:28:49	1.0500	0.1	s
19-01-2026 14:28:14	1.0500	0.5	s
19-01-2026 14:27:42	1.0500	0.1	s
19-01-2026 14:27:10	1.0500	0.5	s
19-01-2026 14:27:07	1.0500	0.5	s
19-01-2026 14:26:55	1.0500	0.1	s
19-01-2026 14:26:25	1.0500	0.1	s
19-01-2026 14:26:04	1.0400	0.5	b
19-01-2026 14:25:59	1.0500	0.5	s
19-01-2026 14:25:23	1.0400	0.2	b
19-01-2026 14:25:21	1.0500	0.1	s
19-01-2026 14:25:05	1.0500	0.5	s
19-01-2026 14:24:32	1.0500	0.1	s
19-01-2026 14:23:59	1.0500	0.5	s
19-01-2026 14:23:58	1.0500	0.1	s
19-01-2026 14:23:52	1.0400	0.5	b
19-01-2026 14:23:02	1.0500	0.1	s
19-01-2026 14:22:55	1.0500	0.5	s
19-01-2026 14:21:53	1.0500	0.5	s
19-01-2026 14:20:47	1.0500	0.5	s
19-01-2026 14:19:36	1.0500	0.5	s
19-01-2026 14:18:32	1.0500	0.5	s
19-01-2026 14:17:39	1.0500	0.5	s
19-01-2026 14:17:27	1.0500	0.5	s
19-01-2026 14:16:20	1.0500	0.5	s
19-01-2026 14:15:20	1.0500	0.5	s
19-01-2026 14:14:22	1.0500	0.3	s
19-01-2026 14:13:53	1.0500	0.4	s
19-01-2026 14:12:48	1.0500	0.5	s
19-01-2026 14:11:44	1.0400	0.1	b
19-01-2026 14:11:37	1.0500	0.5	s
19-01-2026 14:10:29	1.0500	0.5	s
19-01-2026 14:09:47	1.0500	0.4	s
19-01-2026 14:09:34	1.0500	0.5	s
19-01-2026 14:09:28	1.0500	0.5	s
19-01-2026 14:08:28	1.0500	0.5	s
19-01-2026 14:07:31	1.0500	0.5	s
19-01-2026 14:07:22	1.0500	0.1	s
19-01-2026 14:06:37	1.0500	0.5	s
19-01-2026 14:05:43	1.0500	0.4	s
19-01-2026 14:05:40	1.0500	0.5	s
19-01-2026 14:04:56	1.0500	0.3	s
19-01-2026 14:04:37	1.0500	0.5	s
19-01-2026 14:03:33	1.0500	0.5	s
19-01-2026 14:03:31	1.0500	0.3	s
19-01-2026 14:02:36	1.0500	0.5	s
19-01-2026 14:01:39	1.0500	0.5	s
19-01-2026 14:00:44	1.0500	0.5	s
19-01-2026 14:00:08	1.0500	0.6	s
19-01-2026 13:59:57	1.0500	0.5	s
19-01-2026 13:58:59	1.0500	0.5	s
19-01-2026 13:58:28	1.0500	1.3	s
19-01-2026 13:58:08	1.0500	18.9	s
19-01-2026 13:57:52	1.0500	0.5	s
19-01-2026 13:57:05	1.0500	0.6	s
19-01-2026 13:56:54	1.0500	0.4	s
19-01-2026 13:56:45	1.0500	0.5	s
19-01-2026 13:55:43	1.0400	0.2	b
19-01-2026 13:55:43	1.0500	0.5	s
19-01-2026 13:54:39	1.0500	0.5	s
19-01-2026 13:54:02	1.0400	0.2	b
19-01-2026 13:53:25	1.0500	0.5	s
19-01-2026 13:52:22	1.0500	0.5	s
19-01-2026 13:52:06	1.0500	0.2	s
19-01-2026 13:51:47	1.0500	0.1	s
19-01-2026 13:51:20	1.0500	0.5	s
19-01-2026 13:50:23	1.0500	0.5	s
19-01-2026 13:49:18	1.0500	0.5	s
19-01-2026 13:48:09	1.0500	0.5	s
19-01-2026 13:47:47	1.0500	1	s
19-01-2026 13:47:04	1.0500	0.3	s
19-01-2026 13:46:30	1.0500	0.4	s
19-01-2026 13:45:20	1.0500	0.5	s
19-01-2026 13:44:39	1.0400	1	b
19-01-2026 13:44:37	1.0500	1	s
19-01-2026 13:44:07	1.0500	0.5	s
19-01-2026 13:43:08	1.0500	0.8	s
19-01-2026 13:42:53	1.0500	28.5	s
19-01-2026 13:42:49	1.0500	0.5	s
19-01-2026 13:41:40	1.0500	0.5	s
19-01-2026 13:41:35	1.0500	0.4	s
19-01-2026 13:40:29	1.0500	0.5	s
19-01-2026 13:39:26	1.0400	0.2	b
19-01-2026 13:39:25	1.0500	0.5	s
19-01-2026 13:38:21	1.0500	0.5	s
19-01-2026 13:37:18	1.0500	0.5	s
19-01-2026 13:36:15	1.0500	0.5	s
19-01-2026 13:35:19	1.0500	0.5	s
19-01-2026 13:34:13	1.0500	0.5	s
19-01-2026 13:33:08	1.0500	0.5	s
19-01-2026 13:32:11	1.0500	0.5	s
19-01-2026 13:31:02	1.0500	0.5	s
19-01-2026 13:30:02	1.0500	0.5	s
19-01-2026 13:28:55	1.0500	0.1	s
19-01-2026 13:28:49	1.0500	0.4	s
19-01-2026 13:21:25	1.0500	1	s
19-01-2026 13:15:22	1.0500	0.2	s
19-01-2026 13:14:36	1.0500	0.1	s
19-01-2026 13:14:34	1.0500	0.5	s
19-01-2026 13:08:50	1.0500	0.1	s
19-01-2026 13:08:47	1.0500	0.1	s
19-01-2026 13:08:22	1.0500	0.5	s
19-01-2026 12:58:46	1.0500	1.6	b
19-01-2026 11:56:47	1.0500	0.2	s
19-01-2026 11:56:28	1.0500	0.7	s
19-01-2026 11:56:23	1.0500	5	s
19-01-2026 11:45:53	1.0500	5	s
19-01-2026 11:44:10	1.0500	64.5	b
19-01-2026 11:44:01	1.0600	0.5	s
19-01-2026 11:42:46	1.0600	0.5	s
19-01-2026 11:42:23	1.0500	0.1	b
19-01-2026 11:41:45	1.0600	0.5	s
19-01-2026 11:40:41	1.0600	0.5	s
19-01-2026 11:40:16	1.0600	0.2	s
19-01-2026 11:39:39	1.0600	0.5	s
19-01-2026 11:39:18	1.0600	0.1	s
19-01-2026 11:38:38	1.0600	0.5	s
19-01-2026 11:37:28	1.0600	0.5	s
19-01-2026 11:36:09	1.0600	0.5	s
19-01-2026 11:35:03	1.0600	0.5	s
19-01-2026 11:33:56	1.0600	0.3	s
19-01-2026 11:32:21	1.0500	0.5	b
19-01-2026 11:32:21	1.0500	21.5	b
19-01-2026 11:32:19	1.0500	0.9	b
19-01-2026 11:31:32	1.0500	0.1	b
19-01-2026 11:30:09	1.0600	0.1	s
19-01-2026 11:29:48	1.0500	0.3	b
19-01-2026 11:29:48	1.0500	15.6	b
19-01-2026 11:29:29	1.0600	0.1	s
19-01-2026 11:28:49	1.0600	0.1	s
19-01-2026 11:28:09	1.0600	0.1	s
19-01-2026 11:27:29	1.0600	0.1	s
19-01-2026 11:26:49	1.0600	0.1	s
19-01-2026 11:26:15	1.0600	0.5	s
19-01-2026 11:26:12	1.0500	0.2	b
19-01-2026 11:26:12	1.0500	0.6	b
19-01-2026 11:26:12	1.0500	13	b
19-01-2026 11:23:38	1.0600	0.1	s
19-01-2026 11:23:34	1.0600	0.4	s
19-01-2026 11:21:46	1.0600	0.5	s
19-01-2026 11:17:10	1.0600	0.5	s
19-01-2026 11:15:53	1.0500	2	b
19-01-2026 11:12:31	1.0500	0.8	b
19-01-2026 11:11:24	1.0500	0.9	b
19-01-2026 11:10:37	1.0500	13.5	b
19-01-2026 11:05:02	1.0600	0.5	s
19-01-2026 11:04:40	1.0500	0.9	b
19-01-2026 11:03:30	1.0500	0.9	b
19-01-2026 11:02:35	1.0500	0.1	b
19-01-2026 11:01:52	1.0600	0.5	s
19-01-2026 10:55:33	1.0600	1.3	s
19-01-2026 10:55:17	1.0500	1	b
19-01-2026 10:55:16	1.0600	1.5	s
19-01-2026 10:55:16	1.0500	48.3	b
19-01-2026 10:54:21	1.0600	0.5	s
19-01-2026 10:53:34	1.0600	0.3	s
19-01-2026 10:53:26	1.0600	0.5	s
19-01-2026 10:53:23	1.0500	0.9	b
19-01-2026 10:52:59	1.0500	0.5	b
19-01-2026 10:52:31	1.0600	0.5	s
19-01-2026 10:51:37	1.0600	0.5	s
19-01-2026 10:50:46	1.0600	0.5	s
19-01-2026 10:50:00	1.0600	0.5	s
19-01-2026 10:49:55	1.0500	3.4	b
19-01-2026 10:49:10	1.0600	0.1	s
19-01-2026 10:49:08	1.0600	0.3	s
19-01-2026 10:48:44	1.0600	0.5	s
19-01-2026 10:48:00	1.0600	0.5	s
19-01-2026 10:47:54	1.0600	0.4	s
19-01-2026 10:47:08	1.0600	0.5	s
19-01-2026 10:46:56	1.0600	0.5	s
19-01-2026 10:46:14	1.0600	0.1	s
19-01-2026 10:46:13	1.0600	0.5	s
19-01-2026 10:45:26	1.0600	0.1	s
19-01-2026 10:45:25	1.0600	0.5	s
19-01-2026 10:44:39	1.0600	0.1	s
19-01-2026 10:44:38	1.0600	0.5	s
19-01-2026 10:44:18	1.0500	0.1	b
19-01-2026 10:44:16	1.0600	0.1	s
19-01-2026 10:44:15	1.0600	0.4	s
19-01-2026 10:44:00	1.0600	0.1	s
19-01-2026 10:43:58	1.0600	0.3	s
19-01-2026 10:43:58	1.0500	2.9	b
19-01-2026 10:43:58	1.0500	66.4	s
19-01-2026 10:43:49	1.0500	0.5	s
19-01-2026 10:43:20	1.0400	0.2	b
19-01-2026 10:43:04	1.0500	0.5	s
19-01-2026 10:42:24	1.0500	0.5	s
19-01-2026 10:42:21	1.0500	0.5	s
19-01-2026 10:41:42	1.0500	0.5	s
19-01-2026 10:40:58	1.0500	0.5	s
19-01-2026 10:40:17	1.0500	1	s
19-01-2026 10:40:16	1.0500	0.5	s
19-01-2026 10:39:31	1.0500	0.5	s
19-01-2026 10:38:45	1.0500	0.5	s
19-01-2026 10:38:03	1.0500	0.5	s
19-01-2026 10:37:32	1.0500	0.5	s
19-01-2026 10:37:19	1.0500	0.5	s
19-01-2026 10:36:32	1.0500	0.5	s
19-01-2026 10:35:43	1.0500	0.1	s
19-01-2026 10:35:42	1.0500	0.5	s
19-01-2026 10:34:54	1.0500	0.5	s
19-01-2026 10:34:08	1.0500	0.5	s
19-01-2026 10:33:21	1.0500	0.5	s
19-01-2026 10:32:33	1.0500	0.5	s
19-01-2026 10:31:45	1.0500	0.3	s
19-01-2026 10:31:24	1.0500	0.4	s
19-01-2026 10:27:00	1.0500	0.5	s
19-01-2026 10:24:41	1.0400	0.5	b
19-01-2026 10:24:31	1.0500	0.3	s
19-01-2026 10:23:37	1.0500	2.6	s
19-01-2026 10:23:29	1.0400	5	b
19-01-2026 10:21:36	1.0400	8	b
19-01-2026 10:21:20	1.0400	0.5	b
19-01-2026 10:21:19	1.0500	0.1	s
19-01-2026 10:21:17	1.0500	5	s
19-01-2026 10:20:45	1.0400	0.2	b
19-01-2026 10:20:45	1.0400	2	b
19-01-2026 10:20:44	1.0400	0.2	b
19-01-2026 10:20:32	1.0500	0.5	s
19-01-2026 10:17:04	1.0500	0.5	s
19-01-2026 10:16:09	1.0500	1	s
19-01-2026 10:15:49	1.0500	0.4	s
19-01-2026 10:15:23	1.0500	0.5	s
19-01-2026 10:12:46	1.0500	1.5	s
19-01-2026 10:11:19	1.0500	0.5	s
19-01-2026 10:10:57	1.0500	0.1	s
19-01-2026 10:09:57	1.0500	0.1	s
19-01-2026 10:08:45	1.0500	0.1	s
19-01-2026 10:08:10	1.0500	0.1	s
19-01-2026 10:08:08	1.0500	5	s
19-01-2026 10:08:06	1.0500	0.1	s
19-01-2026 10:08:03	1.0500	10	s
19-01-2026 10:07:45	1.0500	0.1	s
19-01-2026 10:07:41	1.0500	0.2	s
19-01-2026 10:07:39	1.0500	0.3	s
19-01-2026 10:06:45	1.0500	0.1	s
19-01-2026 10:05:45	1.0500	0.1	s
19-01-2026 10:04:45	1.0500	0.1	s
19-01-2026 10:03:49	1.0500	0.1	s
19-01-2026 10:03:43	1.0500	0.4	s
19-01-2026 10:02:56	1.0500	0.1	s
19-01-2026 10:02:31	1.0500	0.1	s
19-01-2026 10:02:31	1.0500	10	s
19-01-2026 10:00:26	1.0500	0.5	s
19-01-2026 09:59:34	1.0500	0.5	s
19-01-2026 09:59:27	1.0500	0.1	s
19-01-2026 09:59:26	1.0500	0.2	s
19-01-2026 09:58:44	1.0500	0.1	s
19-01-2026 09:58:43	1.0500	20	s
19-01-2026 09:58:28	1.0500	0.1	s
19-01-2026 09:58:27	1.0500	0.1	s
19-01-2026 09:58:10	1.0500	0.1	s
19-01-2026 09:58:07	1.0500	20	s
19-01-2026 09:55:26	1.0500	0.3	s
19-01-2026 09:54:55	1.0500	0.1	s
19-01-2026 09:54:54	1.0500	15	s
19-01-2026 09:54:25	1.0500	0.1	s
19-01-2026 09:54:07	1.0500	5	s
19-01-2026 09:53:24	1.0500	0.1	s
19-01-2026 09:53:02	1.0500	0.9	s
19-01-2026 09:50:20	1.0500	0.4	s
19-01-2026 09:49:21	1.0500	0.4	s
19-01-2026 09:49:00	1.0500	5	s
19-01-2026 09:48:13	1.0500	0.4	s
19-01-2026 09:47:20	1.0500	0.6	s
19-01-2026 09:47:19	1.0500	30	s
19-01-2026 09:45:02	1.0500	0.3	s
19-01-2026 09:35:36	1.0500	2.7	s
19-01-2026 09:35:31	1.0500	2	s
19-01-2026 09:34:47	1.0500	6	s
19-01-2026 09:32:40	1.0500	15	s
19-01-2026 09:30:35	1.0500	5	s
19-01-2026 09:29:19	1.0500	10	s
19-01-2026 09:28:52	1.0500	25	s
19-01-2026 09:28:13	1.0500	10	s
19-01-2026 09:27:57	1.0500	15	s
19-01-2026 09:27:11	1.0500	10	s
19-01-2026 09:25:53	1.0500	1	s
19-01-2026 09:23:48	1.0500	9.6	s
19-01-2026 09:23:48	1.0500	0.6	b
19-01-2026 09:23:48	1.0600	0.6	s
19-01-2026 09:23:48	1.0500	14.5	s
19-01-2026 09:23:17	1.0600	0.7	s
19-01-2026 09:22:58	1.0500	84.9	s
19-01-2026 09:21:56	1.0500	140	b
19-01-2026 09:21:12	1.0500	0.9	b
19-01-2026 09:20:25	1.0500	0.1	b
19-01-2026 09:20:10	1.0500	1.4	b
19-01-2026 09:18:58	1.0500	0.4	b
19-01-2026 09:18:58	1.0500	131.7	b
19-01-2026 09:17:42	1.0500	2	b
19-01-2026 09:12:15	1.0500	20	b
19-01-2026 09:11:25	1.0500	11	b
19-01-2026 09:02:06	1.0600	0.4	s
19-01-2026 09:01:47	1.0600	0.6	s
19-01-2026 09:01:28	1.0600	0.5	s
19-01-2026 09:01:09	1.0600	1	s
19-01-2026 09:00:03	1.0500	100	b
19-01-2026 09:00:00	1.0500	3	b
19-01-2026 09:00:00	1.0500	11	b
19-01-2026 08:58:18	1.0500	110.8	s
